Timestamp,Inplay delay,Market status,Selection ID,Selection name,BP1,BV1,BP2,BV2,BP3,BV3,LP1,LV1,LP2,LV2,LP3,LV3,Total matched,LPM, Set1, Set2, Set3, Points 
1321370250646,0,ACTIVE,2249229,Novak Djokovic,1.66,23456,1.66,23456,1.66,23456,1.66,23456,1.66,23456,1.66,23456,0,1.6,0,0,0,0,
1321370251646,0,ACTIVE,2251410,Rafael Nadal,1.66,23456,1.66,23456,1.66,23456,1.66,23456,1.66,23456,1.66,23456,0,1.6,0,0,0,0,
1321370252646,0,ACTIVE,2249229,Novak Djokovic,1.66,23456,1.66,23456,1.66,23456,1.66,23456,1.66,23456,1.66,23456,0,1.6,0,0,0,0,
1321370253646,0,ACTIVE,2251410,Rafael Nadal,1.66,23456,1.66,23456,1.66,23456,1.66,23456,1.66,23456,1.66,23456,0,1.6,0,0,0,0,
1321370254646,0,ACTIVE,2249229,Novak Djokovic,1.66,23456,1.66,23456,1.66,23456,1.66,23456,1.66,23456,1.66,23456,0,1.6,0,0,0,0,
1321370255646,0,ACTIVE,2251410,Rafael Nadal,1.66,23456,1.66,23456,1.66,23456,1.66,23456,1.66,23456,1.66,23456,0,1.6,0,0,0,0,
1321370256646,0,ACTIVE,2249229,Novak Djokovic,1.66,23456,1.66,23456,1.66,23456,1.66,23456,1.66,23456,1.66,23456,0,1.6,0,0,0,0,
1321370257646,0,ACTIVE,2251410,Rafael Nadal,1.66,23456,1.66,23456,1.66,23456,1.66,23456,1.66,23456,1.66,23456,0,1.6,0,0,0,0,
1321370258646,0,ACTIVE,2249229,Novak Djokovic,1.66,23456,1.66,23456,1.66,23456,1.66,23456,1.66,23456,1.66,23456,0,1.6,0,0,0,0,
1321370259646,0,ACTIVE,2251410,Rafael Nadal,1.66,23456,1.66,23456,1.66,23456,1.66,23456,1.66,23456,1.66,23456,0,1.6,0,0,0,0,
1321370260646,0,ACTIVE,2249229,Novak Djokovic,1.66,23456,1.66,23456,1.66,23456,1.66,23456,1.66,23456,1.66,23456,0,1.6,0,0,0,0,
1321370261646,0,ACTIVE,2251410,Rafael Nadal,1.66,23456,1.66,23456,1.66,23456,1.66,23456,1.66,23456,1.66,23456,0,1.6,0,0,0,0,
1321370262646,0,ACTIVE,2249229,Novak Djokovic,1.66,23456,1.66,23456,1.66,23456,1.66,23456,1.66,23456,1.66,23456,0,1.6,0,0,0,0,
1321370263646,0,ACTIVE,2251410,Rafael Nadal,1.66,23456,1.66,23456,1.66,23456,1.66,23456,1.66,23456,1.66,23456,0,1.6,0,0,0,0,
1321370264646,0,ACTIVE,2249229,Novak Djokovic,1.66,23456,1.66,23456,1.66,23456,1.66,23456,1.66,23456,1.66,23456,0,1.6,0,0,0,0,
1321370265646,0,ACTIVE,2251410,Rafael Nadal,1.66,23456,1.66,23456,1.66,23456,1.66,23456,1.66,23456,1.66,23456,0,1.6,0,0,0,0,
1321370266646,0,ACTIVE,2249229,Novak Djokovic,1.66,23456,1.66,23456,1.66,23456,1.66,23456,1.66,23456,1.66,23456,0,1.6,0,0,0,0,
1321370267646,0,ACTIVE,2251410,Rafael Nadal,1.66,23456,1.66,23456,1.66,23456,1.66,23456,1.66,23456,1.66,23456,0,1.6,0,0,0,0,
1321370268646,0,ACTIVE,2249229,Novak Djokovic,1.66,23456,1.66,23456,1.66,23456,1.66,23456,1.66,23456,1.66,23456,0,1.6,0,0,0,0,
1321370269646,0,ACTIVE,2251410,Rafael Nadal,1.66,23456,1.66,23456,1.66,23456,1.66,23456,1.66,23456,1.66,23456,0,1.6,0,0,0,0,
1321370270646,0,ACTIVE,2249229,Novak Djokovic,1.66,23456,1.66,23456,1.66,23456,1.66,23456,1.66,23456,1.66,23456,0,1.6,0,0,0,0,
1321370271646,0,ACTIVE,2251410,Rafael Nadal,1.66,23456,1.66,23456,1.66,23456,1.66,23456,1.66,23456,1.66,23456,0,1.6,0,0,0,0,
1321370272646,0,ACTIVE,2249229,Novak Djokovic,1.66,23456,1.66,23456,1.66,23456,1.66,23456,1.66,23456,1.66,23456,0,1.6,0,0,0,0,
1321370273646,0,ACTIVE,2251410,Rafael Nadal,1.66,23456,1.66,23456,1.66,23456,1.66,23456,1.66,23456,1.66,23456,0,1.6,0,0,0,0,
1321370274646,0,ACTIVE,2249229,Novak Djokovic,1.66,23456,1.66,23456,1.66,23456,1.66,23456,1.66,23456,1.66,23456,0,1.6,0,0,0,0,
1321370275646,0,ACTIVE,2251410,Rafael Nadal,1.66,23456,1.66,23456,1.66,23456,1.66,23456,1.66,23456,1.66,23456,0,1.6,0,0,0,0,
1321370276646,0,ACTIVE,2249229,Novak Djokovic,1.66,23456,1.66,23456,1.66,23456,1.66,23456,1.66,23456,1.66,23456,0,1.6,0,0,0,0,
1321370277646,0,ACTIVE,2251410,Rafael Nadal,1.66,23456,1.66,23456,1.66,23456,1.66,23456,1.66,23456,1.66,23456,0,1.6,0,0,0,0,
1321370278646,0,ACTIVE,2249229,Novak Djokovic,1.66,23456,1.66,23456,1.66,23456,1.66,23456,1.66,23456,1.66,23456,0,1.6,0,0,0,0,
1321370279646,0,ACTIVE,2251410,Rafael Nadal,1.66,23456,1.66,23456,1.66,23456,1.66,23456,1.66,23456,1.66,23456,0,1.6,0,0,0,0,
1321370280646,0,ACTIVE,2249229,Novak Djokovic,1.66,23456,1.66,23456,1.66,23456,1.66,23456,1.66,23456,1.66,23456,0,1.6,0,0,0,0,
1321370281646,0,ACTIVE,2251410,Rafael Nadal,1.66,23456,1.66,23456,1.66,23456,1.66,23456,1.66,23456,1.66,23456,0,1.6,0,0,0,0,
1321370282646,0,ACTIVE,2249229,Novak Djokovic,1.66,23456,1.66,23456,1.66,23456,1.66,23456,1.66,23456,1.66,23456,0,1.6,0,0,0,0,
1321370283646,0,ACTIVE,2251410,Rafael Nadal,1.66,23456,1.66,23456,1.66,23456,1.66,23456,1.66,23456,1.66,23456,0,1.6,0,0,0,0,
1321370284646,0,ACTIVE,2249229,Novak Djokovic,1.66,23456,1.66,23456,1.66,23456,1.66,23456,1.66,23456,1.66,23456,0,1.6,0,0,0,0,
1321370285646,0,ACTIVE,2251410,Rafael Nadal,1.66,23456,1.66,23456,1.66,23456,1.66,23456,1.66,23456,1.66,23456,0,1.6,0,0,0,0,
1321370286646,0,ACTIVE,2249229,Novak Djokovic,1.66,23456,1.66,23456,1.66,23456,1.66,23456,1.66,23456,1.66,23456,0,1.6,0,0,0,0,
1321370287646,0,ACTIVE,2251410,Rafael Nadal,1.66,23456,1.66,23456,1.66,23456,1.66,23456,1.66,23456,1.66,23456,0,1.6,0,0,0,0,
1321370288646,0,ACTIVE,2249229,Novak Djokovic,1.66,23456,1.66,23456,1.66,23456,1.66,23456,1.66,23456,1.66,23456,0,1.6,0,0,0,0,
1321370289646,0,ACTIVE,2251410,Rafael Nadal,1.66,23456,1.66,23456,1.66,23456,1.66,23456,1.66,23456,1.66,23456,0,1.6,0,0,0,0,
1321370290646,0,ACTIVE,2249229,Novak Djokovic,1.66,23456,1.66,23456,1.66,23456,1.66,23456,1.66,23456,1.66,23456,0,1.6,0,0,0,0,
1321370291646,0,ACTIVE,2251410,Rafael Nadal,1.66,23456,1.66,23456,1.66,23456,1.66,23456,1.66,23456,1.66,23456,0,1.6,0,0,0,0,
1321370292646,0,ACTIVE,2249229,Novak Djokovic,1.66,23456,1.66,23456,1.66,23456,1.66,23456,1.66,23456,1.66,23456,0,1.6,0,0,0,0,
1321370293646,0,ACTIVE,2251410,Rafael Nadal,1.66,23456,1.66,23456,1.66,23456,1.66,23456,1.66,23456,1.66,23456,0,1.6,0,0,0,0,
1321370294646,0,ACTIVE,2249229,Novak Djokovic,1.66,23456,1.66,23456,1.66,23456,1.66,23456,1.66,23456,1.66,23456,0,1.6,0,0,0,0,
1321370295646,0,ACTIVE,2251410,Rafael Nadal,1.66,23456,1.66,23456,1.66,23456,1.66,23456,1.66,23456,1.66,23456,0,1.6,0,0,0,0,
1321370296646,0,ACTIVE,2249229,Novak Djokovic,1.66,23456,1.66,23456,1.66,23456,1.66,23456,1.66,23456,1.66,23456,0,1.6,0,0,0,0,
1321370297646,0,ACTIVE,2251410,Rafael Nadal,1.66,23456,1.66,23456,1.66,23456,1.66,23456,1.66,23456,1.66,23456,0,1.6,0,0,0,0,
1321370298646,0,ACTIVE,2249229,Novak Djokovic,1.66,23456,1.66,23456,1.66,23456,1.66,23456,1.66,23456,1.66,23456,0,1.6,0,0,0,0,
1321370299646,0,ACTIVE,2251410,Rafael Nadal,1.66,23456,1.66,23456,1.66,23456,1.66,23456,1.66,23456,1.66,23456,0,1.6,0,0,0,0,
1321370300646,0,ACTIVE,2249229,Novak Djokovic,1.66,23456,1.66,23456,1.66,23456,1.66,23456,1.66,23456,1.66,23456,0,1.6,0,0,0,0,
1321370301646,0,ACTIVE,2251410,Rafael Nadal,1.66,23456,1.66,23456,1.66,23456,1.66,23456,1.66,23456,1.66,23456,0,1.6,0,0,0,0,
1321370302646,0,ACTIVE,2249229,Novak Djokovic,1.66,23456,1.66,23456,1.66,23456,1.66,23456,1.66,23456,1.66,23456,0,1.6,0,0,0,0,
1321370303646,0,ACTIVE,2251410,Rafael Nadal,1.66,23456,1.66,23456,1.66,23456,1.66,23456,1.66,23456,1.66,23456,0,1.6,0,0,0,0,
1321370304646,0,ACTIVE,2249229,Novak Djokovic,1.66,23456,1.66,23456,1.66,23456,1.66,23456,1.66,23456,1.66,23456,0,1.6,0,0,0,0,
1321370305646,0,ACTIVE,2251410,Rafael Nadal,1.66,23456,1.66,23456,1.66,23456,1.66,23456,1.66,23456,1.66,23456,0,1.6,0,0,0,0,
1321370306646,0,ACTIVE,2249229,Novak Djokovic,1.66,23456,1.66,23456,1.66,23456,1.66,23456,1.66,23456,1.66,23456,0,1.6,0,0,0,0,
1321370307646,0,ACTIVE,2251410,Rafael Nadal,1.66,23456,1.66,23456,1.66,23456,1.66,23456,1.66,23456,1.66,23456,0,1.6,0,0,0,0,
1321370308646,0,ACTIVE,2249229,Novak Djokovic,1.66,23456,1.66,23456,1.66,23456,1.66,23456,1.66,23456,1.66,23456,0,1.6,0,0,0,0,
1321370309646,0,ACTIVE,2251410,Rafael Nadal,1.66,23456,1.66,23456,1.66,23456,1.66,23456,1.66,23456,1.66,23456,0,1.6,0,0,0,0,
1321370310646,0,ACTIVE,2249229,Novak Djokovic,1.66,23456,1.66,23456,1.66,23456,1.66,23456,1.66,23456,1.66,23456,0,1.6,0,0,0,0,
1321370311646,0,ACTIVE,2251410,Rafael Nadal,1.66,23456,1.66,23456,1.66,23456,1.66,23456,1.66,23456,1.66,23456,0,1.6,0,0,0,0,
1321370312646,0,ACTIVE,2249229,Novak Djokovic,1.66,23456,1.66,23456,1.66,23456,1.66,23456,1.66,23456,1.66,23456,0,1.6,0,0,0,0,
1321370313646,0,ACTIVE,2251410,Rafael Nadal,1.66,23456,1.66,23456,1.66,23456,1.66,23456,1.66,23456,1.66,23456,0,1.6,0,0,0,0,
1321370314646,0,ACTIVE,2249229,Novak Djokovic,1.66,23456,1.66,23456,1.66,23456,1.66,23456,1.66,23456,1.66,23456,0,1.6,0,0,0,0,
1321370315646,0,ACTIVE,2251410,Rafael Nadal,1.66,23456,1.66,23456,1.66,23456,1.66,23456,1.66,23456,1.66,23456,0,1.6,0,0,0,0,
1321370316646,0,ACTIVE,2249229,Novak Djokovic,1.66,23456,1.66,23456,1.66,23456,1.66,23456,1.66,23456,1.66,23456,0,1.6,0,0,0,0,
1321370317646,0,ACTIVE,2251410,Rafael Nadal,1.66,23456,1.66,23456,1.66,23456,1.66,23456,1.66,23456,1.66,23456,0,1.6,0,0,0,0,
1321370318646,0,ACTIVE,2249229,Novak Djokovic,1.66,23456,1.66,23456,1.66,23456,1.66,23456,1.66,23456,1.66,23456,0,1.6,0,0,0,0,
1321370319646,0,ACTIVE,2251410,Rafael Nadal,1.66,23456,1.66,23456,1.66,23456,1.66,23456,1.66,23456,1.66,23456,0,1.6,0,0,0,0,
1321370320646,0,ACTIVE,2249229,Novak Djokovic,1.66,23456,1.66,23456,1.66,23456,1.66,23456,1.66,23456,1.66,23456,0,1.6,0,0,0,0,
1321370321646,0,ACTIVE,2251410,Rafael Nadal,1.66,23456,1.66,23456,1.66,23456,1.66,23456,1.66,23456,1.66,23456,0,1.6,0,0,0,0,
1321370322646,0,ACTIVE,2249229,Novak Djokovic,1.66,23456,1.66,23456,1.66,23456,1.66,23456,1.66,23456,1.66,23456,0,1.6,0,0,0,0,
1321370323646,0,ACTIVE,2251410,Rafael Nadal,1.66,23456,1.66,23456,1.66,23456,1.66,23456,1.66,23456,1.66,23456,0,1.6,0,0,0,0,
1321370324646,0,ACTIVE,2249229,Novak Djokovic,1.66,23456,1.66,23456,1.66,23456,1.66,23456,1.66,23456,1.66,23456,0,1.6,0,0,0,0,
1321370325646,0,ACTIVE,2251410,Rafael Nadal,1.66,23456,1.66,23456,1.66,23456,1.66,23456,1.66,23456,1.66,23456,0,1.6,0,0,0,0,
1321370326646,0,ACTIVE,2249229,Novak Djokovic,1.66,23456,1.66,23456,1.66,23456,1.66,23456,1.66,23456,1.66,23456,0,1.6,0,0,0,0,
1321370327646,0,ACTIVE,2251410,Rafael Nadal,1.66,23456,1.66,23456,1.66,23456,1.66,23456,1.66,23456,1.66,23456,0,1.6,0,0,0,0,
1321370328646,0,ACTIVE,2249229,Novak Djokovic,1.66,23456,1.66,23456,1.66,23456,1.66,23456,1.66,23456,1.66,23456,0,1.6,0,0,0,0,
1321370329646,0,ACTIVE,2251410,Rafael Nadal,1.66,23456,1.66,23456,1.66,23456,1.66,23456,1.66,23456,1.66,23456,0,1.6,0,0,0,0,
1321370330646,0,ACTIVE,2249229,Novak Djokovic,1.66,23456,1.66,23456,1.66,23456,1.66,23456,1.66,23456,1.66,23456,0,1.6,0,0,0,0,
1321370331646,0,ACTIVE,2251410,Rafael Nadal,1.66,23456,1.66,23456,1.66,23456,1.66,23456,1.66,23456,1.66,23456,0,1.6,0,0,0,0,
1321370332646,0,ACTIVE,2249229,Novak Djokovic,1.66,23456,1.66,23456,1.66,23456,1.66,23456,1.66,23456,1.66,23456,0,1.6,0,0,0,0,
1321370333646,0,ACTIVE,2251410,Rafael Nadal,1.66,23456,1.66,23456,1.66,23456,1.66,23456,1.66,23456,1.66,23456,0,1.6,0,0,0,0,
1321370334646,0,ACTIVE,2249229,Novak Djokovic,1.66,23456,1.66,23456,1.66,23456,1.66,23456,1.66,23456,1.66,23456,0,1.6,0,0,0,0,
1321370335646,0,ACTIVE,2251410,Rafael Nadal,1.66,23456,1.66,23456,1.66,23456,1.66,23456,1.66,23456,1.66,23456,0,1.6,0,0,0,0,
1321370336646,0,ACTIVE,2249229,Novak Djokovic,1.66,23456,1.66,23456,1.66,23456,1.66,23456,1.66,23456,1.66,23456,0,1.6,0,0,0,0,
1321370337646,0,ACTIVE,2251410,Rafael Nadal,1.66,23456,1.66,23456,1.66,23456,1.66,23456,1.66,23456,1.66,23456,0,1.6,0,0,0,0,
1321370338646,0,ACTIVE,2249229,Novak Djokovic,1.66,23456,1.66,23456,1.66,23456,1.66,23456,1.66,23456,1.66,23456,0,1.6,0,0,0,0,
1321370339646,0,ACTIVE,2251410,Rafael Nadal,1.66,23456,1.66,23456,1.66,23456,1.66,23456,1.66,23456,1.66,23456,0,1.6,0,0,0,0,
1321370340646,0,ACTIVE,2249229,Novak Djokovic,1.66,23456,1.66,23456,1.66,23456,1.66,23456,1.66,23456,1.66,23456,0,1.6,0,0,0,0,
1321370341646,0,ACTIVE,2251410,Rafael Nadal,1.66,23456,1.66,23456,1.66,23456,1.66,23456,1.66,23456,1.66,23456,0,1.6,0,0,0,0,
1321370342646,0,ACTIVE,2249229,Novak Djokovic,1.66,23456,1.66,23456,1.66,23456,1.66,23456,1.66,23456,1.66,23456,0,1.6,0,0,0,0,
1321370343646,0,ACTIVE,2251410,Rafael Nadal,1.66,23456,1.66,23456,1.66,23456,1.66,23456,1.66,23456,1.66,23456,0,1.6,0,0,0,0,
1321370344646,0,ACTIVE,2249229,Novak Djokovic,1.66,23456,1.66,23456,1.66,23456,1.66,23456,1.66,23456,1.66,23456,0,1.6,0,0,0,0,
1321370345646,0,ACTIVE,2251410,Rafael Nadal,1.66,23456,1.66,23456,1.66,23456,1.66,23456,1.66,23456,1.66,23456,0,1.6,0,0,0,0,
1321370346646,0,ACTIVE,2249229,Novak Djokovic,1.66,23456,1.66,23456,1.66,23456,1.66,23456,1.66,23456,1.66,23456,0,1.6,0,0,0,0,
1321370347646,0,ACTIVE,2251410,Rafael Nadal,1.66,23456,1.66,23456,1.66,23456,1.66,23456,1.66,23456,1.66,23456,0,1.6,0,0,0,0,
1321370348646,0,ACTIVE,2249229,Novak Djokovic,1.66,23456,1.66,23456,1.66,23456,1.66,23456,1.66,23456,1.66,23456,0,1.6,0,0,0,0,
1321370349646,0,ACTIVE,2251410,Rafael Nadal,1.66,23456,1.66,23456,1.66,23456,1.66,23456,1.66,23456,1.66,23456,0,1.6,0,0,0,0,
1321370350646,0,ACTIVE,2249229,Novak Djokovic,1.66,23456,1.66,23456,1.66,23456,1.66,23456,1.66,23456,1.66,23456,0,1.6,0,0,0,0,
1321370351646,0,ACTIVE,2251410,Rafael Nadal,1.66,23456,1.66,23456,1.66,23456,1.66,23456,1.66,23456,1.66,23456,0,1.6,0,0,0,0,
1321370352646,0,ACTIVE,2249229,Novak Djokovic,1.66,23456,1.66,23456,1.66,23456,1.66,23456,1.66,23456,1.66,23456,0,1.6,0,0,0,0,
1321370353646,0,ACTIVE,2251410,Rafael Nadal,1.66,23456,1.66,23456,1.66,23456,1.66,23456,1.66,23456,1.66,23456,0,1.6,0,0,0,0,
1321370354646,0,ACTIVE,2249229,Novak Djokovic,1.66,23456,1.66,23456,1.66,23456,1.66,23456,1.66,23456,1.66,23456,0,1.6,0,0,0,0,
1321370355646,0,ACTIVE,2251410,Rafael Nadal,1.66,23456,1.66,23456,1.66,23456,1.66,23456,1.66,23456,1.66,23456,0,1.6,0,0,0,0,
1321370356646,0,ACTIVE,2249229,Novak Djokovic,1.66,23456,1.66,23456,1.66,23456,1.66,23456,1.66,23456,1.66,23456,0,1.6,0,0,0,0,
1321370357646,0,ACTIVE,2251410,Rafael Nadal,1.66,23456,1.66,23456,1.66,23456,1.66,23456,1.66,23456,1.66,23456,0,1.6,0,0,0,0,
1321370358646,0,ACTIVE,2249229,Novak Djokovic,1.66,23456,1.66,23456,1.66,23456,1.66,23456,1.66,23456,1.66,23456,0,1.6,0,0,0,0,
1321370359646,0,ACTIVE,2251410,Rafael Nadal,1.66,23456,1.66,23456,1.66,23456,1.66,23456,1.66,23456,1.66,23456,0,1.6,0,0,0,0,
1321370360646,0,ACTIVE,2249229,Novak Djokovic,1.66,23456,1.66,23456,1.66,23456,1.66,23456,1.66,23456,1.66,23456,0,1.6,0,0,0,0,
1321370361646,0,ACTIVE,2251410,Rafael Nadal,1.66,23456,1.66,23456,1.66,23456,1.66,23456,1.66,23456,1.66,23456,0,1.6,0,0,0,0,
1321370362646,0,ACTIVE,2249229,Novak Djokovic,1.66,23456,1.66,23456,1.66,23456,1.66,23456,1.66,23456,1.66,23456,0,1.6,0,0,0,0,
1321370363646,0,ACTIVE,2251410,Rafael Nadal,1.66,23456,1.66,23456,1.66,23456,1.66,23456,1.66,23456,1.66,23456,0,1.6,0,0,0,0,
1321370364646,0,ACTIVE,2249229,Novak Djokovic,1.66,23456,1.66,23456,1.66,23456,1.66,23456,1.66,23456,1.66,23456,0,1.6,0,0,0,0,
1321370365646,0,ACTIVE,2251410,Rafael Nadal,1.66,23456,1.66,23456,1.66,23456,1.66,23456,1.66,23456,1.66,23456,0,1.6,0,0,0,0,
1321370366646,0,ACTIVE,2249229,Novak Djokovic,1.66,23456,1.66,23456,1.66,23456,1.66,23456,1.66,23456,1.66,23456,0,1.6,0,0,0,0,
1321370367646,0,ACTIVE,2251410,Rafael Nadal,1.66,23456,1.66,23456,1.66,23456,1.66,23456,1.66,23456,1.66,23456,0,1.6,0,0,0,0,
1321370368646,0,ACTIVE,2249229,Novak Djokovic,1.66,23456,1.66,23456,1.66,23456,1.66,23456,1.66,23456,1.66,23456,0,1.6,0,0,0,0,
1321370369646,0,ACTIVE,2251410,Rafael Nadal,1.66,23456,1.66,23456,1.66,23456,1.66,23456,1.66,23456,1.66,23456,0,1.6,0,0,0,0,
1321370370646,0,ACTIVE,2249229,Novak Djokovic,1.66,23456,1.66,23456,1.66,23456,1.66,23456,1.66,23456,1.66,23456,0,1.6,0,0,0,0,
1321370371646,0,ACTIVE,2251410,Rafael Nadal,1.66,23456,1.66,23456,1.66,23456,1.66,23456,1.66,23456,1.66,23456,0,1.6,0,0,0,0,
1321370372646,0,ACTIVE,2249229,Novak Djokovic,1.66,23456,1.66,23456,1.66,23456,1.66,23456,1.66,23456,1.66,23456,0,1.6,0,0,0,0,
1321370373646,0,ACTIVE,2251410,Rafael Nadal,1.66,23456,1.66,23456,1.66,23456,1.66,23456,1.66,23456,1.66,23456,0,1.6,0,0,0,0,
1321370374646,0,ACTIVE,2249229,Novak Djokovic,1.66,23456,1.66,23456,1.66,23456,1.66,23456,1.66,23456,1.66,23456,0,1.6,0,0,0,0,
1321370375646,0,ACTIVE,2251410,Rafael Nadal,1.66,23456,1.66,23456,1.66,23456,1.66,23456,1.66,23456,1.66,23456,0,1.6,0,0,0,0,
1321370376646,0,ACTIVE,2249229,Novak Djokovic,1.66,23456,1.66,23456,1.66,23456,1.66,23456,1.66,23456,1.66,23456,0,1.6,0,0,0,0,
1321370377646,0,ACTIVE,2251410,Rafael Nadal,1.66,23456,1.66,23456,1.66,23456,1.66,23456,1.66,23456,1.66,23456,0,1.6,0,0,0,0,
1321370378646,0,ACTIVE,2249229,Novak Djokovic,1.66,23456,1.66,23456,1.66,23456,1.66,23456,1.66,23456,1.66,23456,0,1.6,0,0,0,0,
1321370379646,0,ACTIVE,2251410,Rafael Nadal,1.66,23456,1.66,23456,1.66,23456,1.66,23456,1.66,23456,1.66,23456,0,1.6,0,0,0,0,
1321370380646,0,ACTIVE,2249229,Novak Djokovic,1.66,23456,1.66,23456,1.66,23456,1.66,23456,1.66,23456,1.66,23456,0,1.6,0,0,0,0,
1321370381646,0,ACTIVE,2251410,Rafael Nadal,1.66,23456,1.66,23456,1.66,23456,1.66,23456,1.66,23456,1.66,23456,0,1.6,0,0,0,0,
1321370382646,0,ACTIVE,2249229,Novak Djokovic,1.66,23456,1.66,23456,1.66,23456,1.66,23456,1.66,23456,1.66,23456,0,1.6,0,0,0,0,
1321370383646,0,ACTIVE,2251410,Rafael Nadal,1.66,23456,1.66,23456,1.66,23456,1.66,23456,1.66,23456,1.66,23456,0,1.6,0,0,0,0,
1321370384646,0,ACTIVE,2249229,Novak Djokovic,1.66,23456,1.66,23456,1.66,23456,1.66,23456,1.66,23456,1.66,23456,0,1.6,0,0,0,0,
1321370385646,0,ACTIVE,2251410,Rafael Nadal,1.66,23456,1.66,23456,1.66,23456,1.66,23456,1.66,23456,1.66,23456,0,1.6,0,0,0,0,
1321370386646,0,ACTIVE,2249229,Novak Djokovic,1.66,23456,1.66,23456,1.66,23456,1.66,23456,1.66,23456,1.66,23456,0,1.6,0,0,0,0,
1321370387646,0,ACTIVE,2251410,Rafael Nadal,1.66,23456,1.66,23456,1.66,23456,1.66,23456,1.66,23456,1.66,23456,0,1.6,0,0,0,0,
1321370388646,0,ACTIVE,2249229,Novak Djokovic,1.66,23456,1.66,23456,1.66,23456,1.66,23456,1.66,23456,1.66,23456,0,1.6,0,0,0,0,
1321370389646,0,ACTIVE,2251410,Rafael Nadal,1.66,23456,1.66,23456,1.66,23456,1.66,23456,1.66,23456,1.66,23456,0,1.6,0,0,0,0,
1321370390646,0,ACTIVE,2249229,Novak Djokovic,1.66,23456,1.66,23456,1.66,23456,1.66,23456,1.66,23456,1.66,23456,0,1.6,0,0,0,0,
1321370391646,0,ACTIVE,2251410,Rafael Nadal,1.66,23456,1.66,23456,1.66,23456,1.66,23456,1.66,23456,1.66,23456,0,1.6,0,0,0,0,
1321370392646,0,ACTIVE,2249229,Novak Djokovic,1.66,23456,1.66,23456,1.66,23456,1.66,23456,1.66,23456,1.66,23456,0,1.6,0,0,0,0,
1321370393646,0,ACTIVE,2251410,Rafael Nadal,1.66,23456,1.66,23456,1.66,23456,1.66,23456,1.66,23456,1.66,23456,0,1.6,0,0,0,0,
1321370394646,0,ACTIVE,2249229,Novak Djokovic,1.66,23456,1.66,23456,1.66,23456,1.66,23456,1.66,23456,1.66,23456,0,1.6,0,0,0,0,
1321370395646,0,ACTIVE,2251410,Rafael Nadal,1.66,23456,1.66,23456,1.66,23456,1.66,23456,1.66,23456,1.66,23456,0,1.6,0,0,0,0,
1321370396646,0,ACTIVE,2249229,Novak Djokovic,1.66,23456,1.66,23456,1.66,23456,1.66,23456,1.66,23456,1.66,23456,0,1.6,0,0,0,0,
1321370397646,0,ACTIVE,2251410,Rafael Nadal,1.66,23456,1.66,23456,1.66,23456,1.66,23456,1.66,23456,1.66,23456,0,1.6,0,0,0,0,
1321370398646,0,ACTIVE,2249229,Novak Djokovic,1.66,23456,1.66,23456,1.66,23456,1.66,23456,1.66,23456,1.66,23456,0,1.6,0,0,0,0,
1321370399646,0,ACTIVE,2251410,Rafael Nadal,1.66,23456,1.66,23456,1.66,23456,1.66,23456,1.66,23456,1.66,23456,0,1.6,0,0,0,0,
1321370400646,0,ACTIVE,2249229,Novak Djokovic,1.66,23456,1.66,23456,1.66,23456,1.66,23456,1.66,23456,1.66,23456,0,1.6,0,0,0,0,
1321370401646,0,ACTIVE,2251410,Rafael Nadal,1.66,23456,1.66,23456,1.66,23456,1.66,23456,1.66,23456,1.66,23456,0,1.6,0,0,0,0,
1321370402646,0,ACTIVE,2249229,Novak Djokovic,1.66,23456,1.66,23456,1.66,23456,1.66,23456,1.66,23456,1.66,23456,0,1.6,0,0,0,0,
1321370403646,0,ACTIVE,2251410,Rafael Nadal,1.66,23456,1.66,23456,1.66,23456,1.66,23456,1.66,23456,1.66,23456,0,1.6,0,0,0,0,
1321370404646,0,ACTIVE,2249229,Novak Djokovic,1.66,23456,1.66,23456,1.66,23456,1.66,23456,1.66,23456,1.66,23456,0,1.6,0,0,0,0,
1321370405646,0,ACTIVE,2251410,Rafael Nadal,1.66,23456,1.66,23456,1.66,23456,1.66,23456,1.66,23456,1.66,23456,0,1.6,0,0,0,0,
1321370406646,0,ACTIVE,2249229,Novak Djokovic,1.66,23456,1.66,23456,1.66,23456,1.66,23456,1.66,23456,1.66,23456,0,1.6,0,0,0,0,
1321370407646,0,ACTIVE,2251410,Rafael Nadal,1.66,23456,1.66,23456,1.66,23456,1.66,23456,1.66,23456,1.66,23456,0,1.6,0,0,0,0,
1321370408646,0,ACTIVE,2249229,Novak Djokovic,1.66,23456,1.66,23456,1.66,23456,1.66,23456,1.66,23456,1.66,23456,0,1.6,0,0,0,0,
1321370409646,0,ACTIVE,2251410,Rafael Nadal,1.66,23456,1.66,23456,1.66,23456,1.66,23456,1.66,23456,1.66,23456,0,1.6,0,0,0,0,
1321370410646,0,ACTIVE,2249229,Novak Djokovic,1.66,23456,1.66,23456,1.66,23456,1.66,23456,1.66,23456,1.66,23456,0,1.6,0,0,0,0,
1321370411646,0,ACTIVE,2251410,Rafael Nadal,1.66,23456,1.66,23456,1.66,23456,1.66,23456,1.66,23456,1.66,23456,0,1.6,0,0,0,0,
1321370412646,0,ACTIVE,2249229,Novak Djokovic,1.66,23456,1.66,23456,1.66,23456,1.66,23456,1.66,23456,1.66,23456,0,1.6,0,0,0,0,
1321370413646,0,ACTIVE,2251410,Rafael Nadal,1.66,23456,1.66,23456,1.66,23456,1.66,23456,1.66,23456,1.66,23456,0,1.6,0,0,0,0,
1321370414646,0,ACTIVE,2249229,Novak Djokovic,1.66,23456,1.66,23456,1.66,23456,1.66,23456,1.66,23456,1.66,23456,0,1.6,0,0,0,0,
1321370415646,0,ACTIVE,2251410,Rafael Nadal,1.66,23456,1.66,23456,1.66,23456,1.66,23456,1.66,23456,1.66,23456,0,1.6,0,0,0,0,
1321370416646,0,ACTIVE,2249229,Novak Djokovic,1.66,23456,1.66,23456,1.66,23456,1.66,23456,1.66,23456,1.66,23456,0,1.6,0,0,0,0,
1321370417646,0,ACTIVE,2251410,Rafael Nadal,1.66,23456,1.66,23456,1.66,23456,1.66,23456,1.66,23456,1.66,23456,0,1.6,0,0,0,0,
1321370418646,0,ACTIVE,2249229,Novak Djokovic,1.66,23456,1.66,23456,1.66,23456,1.66,23456,1.66,23456,1.66,23456,0,1.6,0,0,0,0,
1321370419646,0,ACTIVE,2251410,Rafael Nadal,1.66,23456,1.66,23456,1.66,23456,1.66,23456,1.66,23456,1.66,23456,0,1.6,0,0,0,0,
1321370420646,0,ACTIVE,2249229,Novak Djokovic,1.66,23456,1.66,23456,1.66,23456,1.66,23456,1.66,23456,1.66,23456,0,1.6,0,0,0,0,
1321370421646,0,ACTIVE,2251410,Rafael Nadal,1.66,23456,1.66,23456,1.66,23456,1.66,23456,1.66,23456,1.66,23456,0,1.6,0,0,0,0,
1321370422646,0,ACTIVE,2249229,Novak Djokovic,1.66,23456,1.66,23456,1.66,23456,1.66,23456,1.66,23456,1.66,23456,0,1.6,0,0,0,0,
1321370423646,0,ACTIVE,2251410,Rafael Nadal,1.66,23456,1.66,23456,1.66,23456,1.66,23456,1.66,23456,1.66,23456,0,1.6,0,0,0,0,
1321370424646,0,ACTIVE,2249229,Novak Djokovic,1.66,23456,1.66,23456,1.66,23456,1.66,23456,1.66,23456,1.66,23456,0,1.6,0,0,0,0,
1321370425646,0,ACTIVE,2251410,Rafael Nadal,1.66,23456,1.66,23456,1.66,23456,1.66,23456,1.66,23456,1.66,23456,0,1.6,0,0,0,0,
1321370426646,0,ACTIVE,2249229,Novak Djokovic,1.66,23456,1.66,23456,1.66,23456,1.66,23456,1.66,23456,1.66,23456,0,1.6,0,0,0,0,
1321370427646,0,ACTIVE,2251410,Rafael Nadal,1.66,23456,1.66,23456,1.66,23456,1.66,23456,1.66,23456,1.66,23456,0,1.6,0,0,0,0,
1321370428646,0,ACTIVE,2249229,Novak Djokovic,1.66,23456,1.66,23456,1.66,23456,1.66,23456,1.66,23456,1.66,23456,0,1.6,0,0,0,0,
1321370429646,0,ACTIVE,2251410,Rafael Nadal,1.66,23456,1.66,23456,1.66,23456,1.66,23456,1.66,23456,1.66,23456,0,1.6,0,0,0,0,
1321370430646,0,ACTIVE,2249229,Novak Djokovic,1.66,23456,1.66,23456,1.66,23456,1.66,23456,1.66,23456,1.66,23456,0,1.6,0,0,0,0,
1321370431646,0,ACTIVE,2251410,Rafael Nadal,1.66,23456,1.66,23456,1.66,23456,1.66,23456,1.66,23456,1.66,23456,0,1.6,0,0,0,0,
1321370432646,0,ACTIVE,2249229,Novak Djokovic,1.66,23456,1.66,23456,1.66,23456,1.66,23456,1.66,23456,1.66,23456,0,1.6,0,0,0,0,
1321370433646,0,ACTIVE,2251410,Rafael Nadal,1.66,23456,1.66,23456,1.66,23456,1.66,23456,1.66,23456,1.66,23456,0,1.6,0,0,0,0,
1321370434646,0,ACTIVE,2249229,Novak Djokovic,1.66,23456,1.66,23456,1.66,23456,1.66,23456,1.66,23456,1.66,23456,0,1.6,0,0,0,0,
1321370435646,0,ACTIVE,2251410,Rafael Nadal,1.66,23456,1.66,23456,1.66,23456,1.66,23456,1.66,23456,1.66,23456,0,1.6,0,0,0,0,
1321370436646,0,ACTIVE,2249229,Novak Djokovic,1.66,23456,1.66,23456,1.66,23456,1.66,23456,1.66,23456,1.66,23456,0,1.6,0,0,0,0,
1321370437646,0,ACTIVE,2251410,Rafael Nadal,1.66,23456,1.66,23456,1.66,23456,1.66,23456,1.66,23456,1.66,23456,0,1.6,0,0,0,0,
1321370438646,0,ACTIVE,2249229,Novak Djokovic,1.66,23456,1.66,23456,1.66,23456,1.66,23456,1.66,23456,1.66,23456,0,1.6,0,0,0,0,
1321370439646,0,ACTIVE,2251410,Rafael Nadal,1.66,23456,1.66,23456,1.66,23456,1.66,23456,1.66,23456,1.66,23456,0,1.6,0,0,0,0,
1321370440646,0,ACTIVE,2249229,Novak Djokovic,1.66,23456,1.66,23456,1.66,23456,1.66,23456,1.66,23456,1.66,23456,0,1.6,0,0,0,0,
1321370441646,0,ACTIVE,2251410,Rafael Nadal,1.66,23456,1.66,23456,1.66,23456,1.66,23456,1.66,23456,1.66,23456,0,1.6,0,0,0,0,
1321370442646,0,ACTIVE,2249229,Novak Djokovic,1.66,23456,1.66,23456,1.66,23456,1.66,23456,1.66,23456,1.66,23456,0,1.6,0,0,0,0,
1321370443646,0,ACTIVE,2251410,Rafael Nadal,1.66,23456,1.66,23456,1.66,23456,1.66,23456,1.66,23456,1.66,23456,0,1.6,0,0,0,0,
1321370444646,0,ACTIVE,2249229,Novak Djokovic,1.66,23456,1.66,23456,1.66,23456,1.66,23456,1.66,23456,1.66,23456,0,1.6,0,0,0,0,
1321370445646,0,ACTIVE,2251410,Rafael Nadal,1.66,23456,1.66,23456,1.66,23456,1.66,23456,1.66,23456,1.66,23456,0,1.6,0,0,0,0,
1321370446646,0,ACTIVE,2249229,Novak Djokovic,1.66,23456,1.66,23456,1.66,23456,1.66,23456,1.66,23456,1.66,23456,0,1.6,0,0,0,0,
1321370447646,0,ACTIVE,2251410,Rafael Nadal,1.66,23456,1.66,23456,1.66,23456,1.66,23456,1.66,23456,1.66,23456,0,1.6,0,0,0,0,
1321370448646,0,ACTIVE,2249229,Novak Djokovic,1.66,23456,1.66,23456,1.66,23456,1.66,23456,1.66,23456,1.66,23456,0,1.6,0,0,0,0,
1321370449646,0,ACTIVE,2251410,Rafael Nadal,1.66,23456,1.66,23456,1.66,23456,1.66,23456,1.66,23456,1.66,23456,0,1.6,0,0,0,0,
1321370450646,0,ACTIVE,2249229,Novak Djokovic,1.66,23456,1.66,23456,1.66,23456,1.66,23456,1.66,23456,1.66,23456,0,1.6,0,0,0,0,
1321370451646,0,ACTIVE,2251410,Rafael Nadal,1.66,23456,1.66,23456,1.66,23456,1.66,23456,1.66,23456,1.66,23456,0,1.6,0,0,0,0,
1321370452646,0,ACTIVE,2249229,Novak Djokovic,1.66,23456,1.66,23456,1.66,23456,1.66,23456,1.66,23456,1.66,23456,0,1.6,0,0,0,0,
1321370453646,0,ACTIVE,2251410,Rafael Nadal,1.66,23456,1.66,23456,1.66,23456,1.66,23456,1.66,23456,1.66,23456,0,1.6,0,0,0,0,
1321370454646,0,ACTIVE,2249229,Novak Djokovic,1.66,23456,1.66,23456,1.66,23456,1.66,23456,1.66,23456,1.66,23456,0,1.6,0,0,0,0,
1321370455646,0,ACTIVE,2251410,Rafael Nadal,1.66,23456,1.66,23456,1.66,23456,1.66,23456,1.66,23456,1.66,23456,0,1.6,0,0,0,0,
1321370456646,0,ACTIVE,2249229,Novak Djokovic,1.66,23456,1.66,23456,1.66,23456,1.66,23456,1.66,23456,1.66,23456,0,1.6,0,0,0,0,
1321370457646,0,ACTIVE,2251410,Rafael Nadal,1.66,23456,1.66,23456,1.66,23456,1.66,23456,1.66,23456,1.66,23456,0,1.6,0,0,0,0,
1321370458646,0,ACTIVE,2249229,Novak Djokovic,1.66,23456,1.66,23456,1.66,23456,1.66,23456,1.66,23456,1.66,23456,0,1.6,0,0,0,0,
1321370459646,0,ACTIVE,2251410,Rafael Nadal,1.66,23456,1.66,23456,1.66,23456,1.66,23456,1.66,23456,1.66,23456,0,1.6,0,0,0,0,
1321370460646,0,ACTIVE,2249229,Novak Djokovic,1.66,23456,1.66,23456,1.66,23456,1.66,23456,1.66,23456,1.66,23456,0,1.6,0,0,0,0,
1321370461646,0,ACTIVE,2251410,Rafael Nadal,1.66,23456,1.66,23456,1.66,23456,1.66,23456,1.66,23456,1.66,23456,0,1.6,0,0,0,0,
1321370462646,0,ACTIVE,2249229,Novak Djokovic,1.66,23456,1.66,23456,1.66,23456,1.66,23456,1.66,23456,1.66,23456,0,1.6,0,0,0,0,
1321370463646,0,ACTIVE,2251410,Rafael Nadal,1.66,23456,1.66,23456,1.66,23456,1.66,23456,1.66,23456,1.66,23456,0,1.6,0,0,0,0,
1321370464646,0,ACTIVE,2249229,Novak Djokovic,1.66,23456,1.66,23456,1.66,23456,1.66,23456,1.66,23456,1.66,23456,0,1.6,0,0,0,0,
1321370465646,0,ACTIVE,2251410,Rafael Nadal,1.66,23456,1.66,23456,1.66,23456,1.66,23456,1.66,23456,1.66,23456,0,1.6,0,0,0,0,
1321370466646,0,ACTIVE,2249229,Novak Djokovic,1.66,23456,1.66,23456,1.66,23456,1.66,23456,1.66,23456,1.66,23456,0,1.6,0,0,0,0,
1321370467646,0,ACTIVE,2251410,Rafael Nadal,1.66,23456,1.66,23456,1.66,23456,1.66,23456,1.66,23456,1.66,23456,0,1.6,0,0,0,0,
1321370468646,0,ACTIVE,2249229,Novak Djokovic,1.66,23456,1.66,23456,1.66,23456,1.66,23456,1.66,23456,1.66,23456,0,1.6,0,0,0,0,
1321370469646,0,ACTIVE,2251410,Rafael Nadal,1.66,23456,1.66,23456,1.66,23456,1.66,23456,1.66,23456,1.66,23456,0,1.6,0,0,0,0,
1321370470646,0,ACTIVE,2249229,Novak Djokovic,1.66,23456,1.66,23456,1.66,23456,1.66,23456,1.66,23456,1.66,23456,0,1.6,0,0,0,0,
1321370471646,0,ACTIVE,2251410,Rafael Nadal,1.66,23456,1.66,23456,1.66,23456,1.66,23456,1.66,23456,1.66,23456,0,1.6,0,0,0,0,
1321370472646,0,ACTIVE,2249229,Novak Djokovic,1.66,23456,1.66,23456,1.66,23456,1.66,23456,1.66,23456,1.66,23456,0,1.6,0,0,0,0,
1321370473646,0,ACTIVE,2251410,Rafael Nadal,1.66,23456,1.66,23456,1.66,23456,1.66,23456,1.66,23456,1.66,23456,0,1.6,0,0,0,0,
1321370474646,0,ACTIVE,2249229,Novak Djokovic,1.66,23456,1.66,23456,1.66,23456,1.66,23456,1.66,23456,1.66,23456,0,1.6,0,0,0,0,
1321370475646,0,ACTIVE,2251410,Rafael Nadal,1.66,23456,1.66,23456,1.66,23456,1.66,23456,1.66,23456,1.66,23456,0,1.6,0,0,0,0,
1321370476646,0,ACTIVE,2249229,Novak Djokovic,1.66,23456,1.66,23456,1.66,23456,1.66,23456,1.66,23456,1.66,23456,0,1.6,0,0,0,0,
1321370477646,0,ACTIVE,2251410,Rafael Nadal,1.66,23456,1.66,23456,1.66,23456,1.66,23456,1.66,23456,1.66,23456,0,1.6,0,0,0,0,
1321370478646,0,ACTIVE,2249229,Novak Djokovic,1.66,23456,1.66,23456,1.66,23456,1.66,23456,1.66,23456,1.66,23456,0,1.6,0,0,0,0,
1321370479646,0,ACTIVE,2251410,Rafael Nadal,1.66,23456,1.66,23456,1.66,23456,1.66,23456,1.66,23456,1.66,23456,0,1.6,0,0,0,0,
1321370480646,0,ACTIVE,2249229,Novak Djokovic,1.66,23456,1.66,23456,1.66,23456,1.66,23456,1.66,23456,1.66,23456,0,1.6,0,0,0,0,
1321370481646,0,ACTIVE,2251410,Rafael Nadal,1.66,23456,1.66,23456,1.66,23456,1.66,23456,1.66,23456,1.66,23456,0,1.6,0,0,0,0,
1321370482646,0,ACTIVE,2249229,Novak Djokovic,1.66,23456,1.66,23456,1.66,23456,1.66,23456,1.66,23456,1.66,23456,0,1.6,0,0,0,0,
1321370483646,0,ACTIVE,2251410,Rafael Nadal,1.66,23456,1.66,23456,1.66,23456,1.66,23456,1.66,23456,1.66,23456,0,1.6,0,0,0,0,
1321370484646,0,ACTIVE,2249229,Novak Djokovic,1.66,23456,1.66,23456,1.66,23456,1.66,23456,1.66,23456,1.66,23456,0,1.6,0,0,0,0,
1321370485646,0,ACTIVE,2251410,Rafael Nadal,1.66,23456,1.66,23456,1.66,23456,1.66,23456,1.66,23456,1.66,23456,0,1.6,0,0,0,0,
1321370486646,0,ACTIVE,2249229,Novak Djokovic,1.66,23456,1.66,23456,1.66,23456,1.66,23456,1.66,23456,1.66,23456,0,1.6,0,0,0,0,
1321370487646,0,ACTIVE,2251410,Rafael Nadal,1.66,23456,1.66,23456,1.66,23456,1.66,23456,1.66,23456,1.66,23456,0,1.6,0,0,0,0,
1321370488646,0,ACTIVE,2249229,Novak Djokovic,1.66,23456,1.66,23456,1.66,23456,1.66,23456,1.66,23456,1.66,23456,0,1.6,0,0,0,0,
1321370489646,0,ACTIVE,2251410,Rafael Nadal,1.66,23456,1.66,23456,1.66,23456,1.66,23456,1.66,23456,1.66,23456,0,1.6,0,0,0,0,
1321370490646,0,ACTIVE,2249229,Novak Djokovic,1.66,23456,1.66,23456,1.66,23456,1.66,23456,1.66,23456,1.66,23456,0,1.6,0,0,0,0,
1321370491646,0,ACTIVE,2251410,Rafael Nadal,1.66,23456,1.66,23456,1.66,23456,1.66,23456,1.66,23456,1.66,23456,0,1.6,0,0,0,0,
1321370492646,0,ACTIVE,2249229,Novak Djokovic,1.66,23456,1.66,23456,1.66,23456,1.66,23456,1.66,23456,1.66,23456,0,1.6,0,0,0,0,
1321370493646,0,ACTIVE,2251410,Rafael Nadal,1.66,23456,1.66,23456,1.66,23456,1.66,23456,1.66,23456,1.66,23456,0,1.6,0,0,0,0,
1321370494646,0,ACTIVE,2249229,Novak Djokovic,1.66,23456,1.66,23456,1.66,23456,1.66,23456,1.66,23456,1.66,23456,0,1.6,0,0,0,0,
1321370495646,0,ACTIVE,2251410,Rafael Nadal,1.66,23456,1.66,23456,1.66,23456,1.66,23456,1.66,23456,1.66,23456,0,1.6,0,0,0,0,
1321370496646,0,ACTIVE,2249229,Novak Djokovic,1.66,23456,1.66,23456,1.66,23456,1.66,23456,1.66,23456,1.66,23456,0,1.6,0,0,0,0,
1321370497646,0,ACTIVE,2251410,Rafael Nadal,1.66,23456,1.66,23456,1.66,23456,1.66,23456,1.66,23456,1.66,23456,0,1.6,0,0,0,0,
1321370498646,0,ACTIVE,2249229,Novak Djokovic,1.66,23456,1.66,23456,1.66,23456,1.66,23456,1.66,23456,1.66,23456,0,1.6,0,0,0,0,
1321370499646,0,ACTIVE,2251410,Rafael Nadal,1.66,23456,1.66,23456,1.66,23456,1.66,23456,1.66,23456,1.66,23456,0,1.6,0,0,0,0,
1321370500646,0,ACTIVE,2249229,Novak Djokovic,1.66,23456,1.66,23456,1.66,23456,1.66,23456,1.66,23456,1.66,23456,0,1.6,0,0,0,0,
1321370501646,0,ACTIVE,2251410,Rafael Nadal,1.66,23456,1.66,23456,1.66,23456,1.66,23456,1.66,23456,1.66,23456,0,1.6,0,0,0,0,
1321370502646,0,ACTIVE,2249229,Novak Djokovic,1.66,23456,1.66,23456,1.66,23456,1.66,23456,1.66,23456,1.66,23456,0,1.6,0,0,0,0,
1321370503646,0,ACTIVE,2251410,Rafael Nadal,1.66,23456,1.66,23456,1.66,23456,1.66,23456,1.66,23456,1.66,23456,0,1.6,0,0,0,0,
1321370504646,0,ACTIVE,2249229,Novak Djokovic,1.66,23456,1.66,23456,1.66,23456,1.66,23456,1.66,23456,1.66,23456,0,1.6,0,0,0,0,
1321370505646,0,ACTIVE,2251410,Rafael Nadal,1.66,23456,1.66,23456,1.66,23456,1.66,23456,1.66,23456,1.66,23456,0,1.6,0,0,0,0,
1321370506646,0,ACTIVE,2249229,Novak Djokovic,1.66,23456,1.66,23456,1.66,23456,1.66,23456,1.66,23456,1.66,23456,0,1.6,0,0,0,0,
1321370507646,0,ACTIVE,2251410,Rafael Nadal,1.66,23456,1.66,23456,1.66,23456,1.66,23456,1.66,23456,1.66,23456,0,1.6,0,0,0,0,
1321370508646,0,ACTIVE,2249229,Novak Djokovic,1.66,23456,1.66,23456,1.66,23456,1.66,23456,1.66,23456,1.66,23456,0,1.6,0,0,0,0,
1321370509646,0,ACTIVE,2251410,Rafael Nadal,1.66,23456,1.66,23456,1.66,23456,1.66,23456,1.66,23456,1.66,23456,0,1.6,0,0,0,0,
1321370510646,0,ACTIVE,2249229,Novak Djokovic,1.66,23456,1.66,23456,1.66,23456,1.66,23456,1.66,23456,1.66,23456,0,1.6,0,0,0,0,
1321370511646,0,ACTIVE,2251410,Rafael Nadal,1.66,23456,1.66,23456,1.66,23456,1.66,23456,1.66,23456,1.66,23456,0,1.6,0,0,0,0,
1321370512646,0,ACTIVE,2249229,Novak Djokovic,1.66,23456,1.66,23456,1.66,23456,1.66,23456,1.66,23456,1.66,23456,0,1.6,0,0,0,0,
1321370513646,0,ACTIVE,2251410,Rafael Nadal,1.66,23456,1.66,23456,1.66,23456,1.66,23456,1.66,23456,1.66,23456,0,1.6,0,0,0,0,
1321370514646,0,ACTIVE,2249229,Novak Djokovic,1.66,23456,1.66,23456,1.66,23456,1.66,23456,1.66,23456,1.66,23456,0,1.6,0,0,0,0,
1321370515646,0,ACTIVE,2251410,Rafael Nadal,1.66,23456,1.66,23456,1.66,23456,1.66,23456,1.66,23456,1.66,23456,0,1.6,0,0,0,0,
1321370516646,0,ACTIVE,2249229,Novak Djokovic,1.66,23456,1.66,23456,1.66,23456,1.66,23456,1.66,23456,1.66,23456,0,1.6,0,0,0,0,
1321370517646,0,ACTIVE,2251410,Rafael Nadal,1.66,23456,1.66,23456,1.66,23456,1.66,23456,1.66,23456,1.66,23456,0,1.6,0,0,0,0,
1321370518646,0,ACTIVE,2249229,Novak Djokovic,1.66,23456,1.66,23456,1.66,23456,1.66,23456,1.66,23456,1.66,23456,0,1.6,0,0,0,0,
1321370519646,0,ACTIVE,2251410,Rafael Nadal,1.66,23456,1.66,23456,1.66,23456,1.66,23456,1.66,23456,1.66,23456,0,1.6,0,0,0,0,
1321370520646,0,ACTIVE,2249229,Novak Djokovic,1.66,23456,1.66,23456,1.66,23456,1.66,23456,1.66,23456,1.66,23456,0,1.6,0,0,0,0,
1321370521646,0,ACTIVE,2251410,Rafael Nadal,1.66,23456,1.66,23456,1.66,23456,1.66,23456,1.66,23456,1.66,23456,0,1.6,0,0,0,0,
1321370522646,0,ACTIVE,2249229,Novak Djokovic,1.66,23456,1.66,23456,1.66,23456,1.66,23456,1.66,23456,1.66,23456,0,1.6,0,0,0,0,
1321370523646,0,ACTIVE,2251410,Rafael Nadal,1.66,23456,1.66,23456,1.66,23456,1.66,23456,1.66,23456,1.66,23456,0,1.6,0,0,0,0,
1321370524646,0,ACTIVE,2249229,Novak Djokovic,1.66,23456,1.66,23456,1.66,23456,1.66,23456,1.66,23456,1.66,23456,0,1.6,0,0,0,0,
1321370525646,0,ACTIVE,2251410,Rafael Nadal,1.66,23456,1.66,23456,1.66,23456,1.66,23456,1.66,23456,1.66,23456,0,1.6,0,0,0,0,
1321370526646,0,ACTIVE,2249229,Novak Djokovic,1.66,23456,1.66,23456,1.66,23456,1.66,23456,1.66,23456,1.66,23456,0,1.6,0,0,0,0,
1321370527646,0,ACTIVE,2251410,Rafael Nadal,1.66,23456,1.66,23456,1.66,23456,1.66,23456,1.66,23456,1.66,23456,0,1.6,0,0,0,0,
1321370528646,0,ACTIVE,2249229,Novak Djokovic,1.66,23456,1.66,23456,1.66,23456,1.66,23456,1.66,23456,1.66,23456,0,1.6,0,0,0,0,
1321370529646,0,ACTIVE,2251410,Rafael Nadal,1.66,23456,1.66,23456,1.66,23456,1.66,23456,1.66,23456,1.66,23456,0,1.6,0,0,0,0,
1321370530646,0,ACTIVE,2249229,Novak Djokovic,1.66,23456,1.66,23456,1.66,23456,1.66,23456,1.66,23456,1.66,23456,0,1.6,0,0,0,0,
1321370531646,0,ACTIVE,2251410,Rafael Nadal,1.66,23456,1.66,23456,1.66,23456,1.66,23456,1.66,23456,1.66,23456,0,1.6,0,0,0,0,
1321370532646,0,ACTIVE,2249229,Novak Djokovic,1.66,23456,1.66,23456,1.66,23456,1.66,23456,1.66,23456,1.66,23456,0,1.6,0,0,0,0,
1321370533646,0,ACTIVE,2251410,Rafael Nadal,1.66,23456,1.66,23456,1.66,23456,1.66,23456,1.66,23456,1.66,23456,0,1.6,0,0,0,0,
1321370534646,0,ACTIVE,2249229,Novak Djokovic,1.66,23456,1.66,23456,1.66,23456,1.66,23456,1.66,23456,1.66,23456,0,1.6,0,0,0,0,
1321370535646,0,ACTIVE,2251410,Rafael Nadal,1.66,23456,1.66,23456,1.66,23456,1.66,23456,1.66,23456,1.66,23456,0,1.6,0,0,0,0,
1321370536646,0,ACTIVE,2249229,Novak Djokovic,1.66,23456,1.66,23456,1.66,23456,1.66,23456,1.66,23456,1.66,23456,0,1.6,0,0,0,0,
1321370537646,0,ACTIVE,2251410,Rafael Nadal,1.66,23456,1.66,23456,1.66,23456,1.66,23456,1.66,23456,1.66,23456,0,1.6,0,0,0,0,
1321370538646,0,ACTIVE,2249229,Novak Djokovic,1.66,23456,1.66,23456,1.66,23456,1.66,23456,1.66,23456,1.66,23456,0,1.6,0,0,0,0,
1321370539646,0,ACTIVE,2251410,Rafael Nadal,1.66,23456,1.66,23456,1.66,23456,1.66,23456,1.66,23456,1.66,23456,0,1.6,0,0,0,0,
1321370540646,0,ACTIVE,2249229,Novak Djokovic,1.66,23456,1.66,23456,1.66,23456,1.66,23456,1.66,23456,1.66,23456,0,1.6,0,0,0,0,
1321370541646,0,ACTIVE,2251410,Rafael Nadal,1.66,23456,1.66,23456,1.66,23456,1.66,23456,1.66,23456,1.66,23456,0,1.6,0,0,0,0,
1321370542646,0,ACTIVE,2249229,Novak Djokovic,1.66,23456,1.66,23456,1.66,23456,1.66,23456,1.66,23456,1.66,23456,0,1.6,0,0,0,0,
1321370543646,0,ACTIVE,2251410,Rafael Nadal,1.66,23456,1.66,23456,1.66,23456,1.66,23456,1.66,23456,1.66,23456,0,1.6,0,0,0,0,
1321370544646,0,ACTIVE,2249229,Novak Djokovic,1.66,23456,1.66,23456,1.66,23456,1.66,23456,1.66,23456,1.66,23456,0,1.6,0,0,0,0,
1321370545646,0,ACTIVE,2251410,Rafael Nadal,1.66,23456,1.66,23456,1.66,23456,1.66,23456,1.66,23456,1.66,23456,0,1.6,0,0,0,0,
1321370546646,0,ACTIVE,2249229,Novak Djokovic,1.66,23456,1.66,23456,1.66,23456,1.66,23456,1.66,23456,1.66,23456,0,1.6,0,0,0,0,
1321370547646,0,ACTIVE,2251410,Rafael Nadal,1.66,23456,1.66,23456,1.66,23456,1.66,23456,1.66,23456,1.66,23456,0,1.6,0,0,0,0,
1321370548646,0,ACTIVE,2249229,Novak Djokovic,1.66,23456,1.66,23456,1.66,23456,1.66,23456,1.66,23456,1.66,23456,0,1.6,0,0,0,0,
1321370549646,0,ACTIVE,2251410,Rafael Nadal,1.66,23456,1.66,23456,1.66,23456,1.66,23456,1.66,23456,1.66,23456,0,1.6,0,0,0,0,
1321370550646,0,ACTIVE,2249229,Novak Djokovic,1.66,23456,1.66,23456,1.66,23456,1.66,23456,1.66,23456,1.66,23456,0,1.6,0,0,0,0,
1321370551646,0,ACTIVE,2251410,Rafael Nadal,1.66,23456,1.66,23456,1.66,23456,1.66,23456,1.66,23456,1.66,23456,0,1.6,0,0,0,0,
1321370552646,0,ACTIVE,2249229,Novak Djokovic,1.66,23456,1.66,23456,1.66,23456,1.66,23456,1.66,23456,1.66,23456,0,1.6,0,0,0,0,
1321370553646,0,ACTIVE,2251410,Rafael Nadal,1.66,23456,1.66,23456,1.66,23456,1.66,23456,1.66,23456,1.66,23456,0,1.6,0,0,0,0,
1321370554646,0,ACTIVE,2249229,Novak Djokovic,1.66,23456,1.66,23456,1.66,23456,1.66,23456,1.66,23456,1.66,23456,0,1.6,0,0,0,0,
1321370555646,0,ACTIVE,2251410,Rafael Nadal,1.66,23456,1.66,23456,1.66,23456,1.66,23456,1.66,23456,1.66,23456,0,1.6,0,0,0,0,
1321370556646,0,ACTIVE,2249229,Novak Djokovic,1.66,23456,1.66,23456,1.66,23456,1.66,23456,1.66,23456,1.66,23456,0,1.6,0,0,0,0,
1321370557646,0,ACTIVE,2251410,Rafael Nadal,1.66,23456,1.66,23456,1.66,23456,1.66,23456,1.66,23456,1.66,23456,0,1.6,0,0,0,0,
1321370558646,0,ACTIVE,2249229,Novak Djokovic,1.66,23456,1.66,23456,1.66,23456,1.66,23456,1.66,23456,1.66,23456,0,1.6,0,0,0,0,
1321370559646,0,ACTIVE,2251410,Rafael Nadal,1.66,23456,1.66,23456,1.66,23456,1.66,23456,1.66,23456,1.66,23456,0,1.6,0,0,0,0,
1321370560646,0,ACTIVE,2249229,Novak Djokovic,1.66,23456,1.66,23456,1.66,23456,1.66,23456,1.66,23456,1.66,23456,0,1.6,0,0,0,0,
1321370561646,0,ACTIVE,2251410,Rafael Nadal,1.66,23456,1.66,23456,1.66,23456,1.66,23456,1.66,23456,1.66,23456,0,1.6,0,0,0,0,
1321370562646,0,ACTIVE,2249229,Novak Djokovic,1.66,23456,1.66,23456,1.66,23456,1.66,23456,1.66,23456,1.66,23456,0,1.6,0,0,0,0,
1321370563646,0,ACTIVE,2251410,Rafael Nadal,1.66,23456,1.66,23456,1.66,23456,1.66,23456,1.66,23456,1.66,23456,0,1.6,0,0,0,0,
1321370564646,0,ACTIVE,2249229,Novak Djokovic,1.66,23456,1.66,23456,1.66,23456,1.66,23456,1.66,23456,1.66,23456,0,1.6,0,0,0,0,
1321370565646,0,ACTIVE,2251410,Rafael Nadal,1.66,23456,1.66,23456,1.66,23456,1.66,23456,1.66,23456,1.66,23456,0,1.6,0,0,0,0,
1321370566646,0,ACTIVE,2249229,Novak Djokovic,1.66,23456,1.66,23456,1.66,23456,1.66,23456,1.66,23456,1.66,23456,0,1.6,0,0,0,0,
1321370567646,0,ACTIVE,2251410,Rafael Nadal,1.66,23456,1.66,23456,1.66,23456,1.66,23456,1.66,23456,1.66,23456,0,1.6,0,0,0,0,
1321370568646,0,ACTIVE,2249229,Novak Djokovic,1.66,23456,1.66,23456,1.66,23456,1.66,23456,1.66,23456,1.66,23456,0,1.6,0,0,0,0,
1321370569646,0,ACTIVE,2251410,Rafael Nadal,1.66,23456,1.66,23456,1.66,23456,1.66,23456,1.66,23456,1.66,23456,0,1.6,0,0,0,0,
1321370570646,0,ACTIVE,2249229,Novak Djokovic,1.66,23456,1.66,23456,1.66,23456,1.66,23456,1.66,23456,1.66,23456,0,1.6,0,0,0,0,
1321370571646,0,ACTIVE,2251410,Rafael Nadal,1.66,23456,1.66,23456,1.66,23456,1.66,23456,1.66,23456,1.66,23456,0,1.6,0,0,0,0,
1321370572646,0,ACTIVE,2249229,Novak Djokovic,1.66,23456,1.66,23456,1.66,23456,1.66,23456,1.66,23456,1.66,23456,0,1.6,0,0,0,0,
1321370573646,0,ACTIVE,2251410,Rafael Nadal,1.66,23456,1.66,23456,1.66,23456,1.66,23456,1.66,23456,1.66,23456,0,1.6,0,0,0,0,
1321370574646,0,ACTIVE,2249229,Novak Djokovic,1.66,23456,1.66,23456,1.66,23456,1.66,23456,1.66,23456,1.66,23456,0,1.6,0,0,0,0,
1321370575646,0,ACTIVE,2251410,Rafael Nadal,1.66,23456,1.66,23456,1.66,23456,1.66,23456,1.66,23456,1.66,23456,0,1.6,0,0,0,0,
1321370576646,0,ACTIVE,2249229,Novak Djokovic,1.66,23456,1.66,23456,1.66,23456,1.66,23456,1.66,23456,1.66,23456,0,1.6,0,0,0,0,
1321370577646,0,ACTIVE,2251410,Rafael Nadal,1.66,23456,1.66,23456,1.66,23456,1.66,23456,1.66,23456,1.66,23456,0,1.6,0,0,0,0,
1321370578646,0,ACTIVE,2249229,Novak Djokovic,1.66,23456,1.66,23456,1.66,23456,1.66,23456,1.66,23456,1.66,23456,0,1.6,0,0,0,0,
1321370579646,0,ACTIVE,2251410,Rafael Nadal,1.66,23456,1.66,23456,1.66,23456,1.66,23456,1.66,23456,1.66,23456,0,1.6,0,0,0,0,
1321370580646,0,ACTIVE,2249229,Novak Djokovic,1.66,23456,1.66,23456,1.66,23456,1.66,23456,1.66,23456,1.66,23456,0,1.6,0,0,0,0,
1321370581646,0,ACTIVE,2251410,Rafael Nadal,1.66,23456,1.66,23456,1.66,23456,1.66,23456,1.66,23456,1.66,23456,0,1.6,0,0,0,0,
1321370582646,0,ACTIVE,2249229,Novak Djokovic,1.66,23456,1.66,23456,1.66,23456,1.66,23456,1.66,23456,1.66,23456,0,1.6,0,0,0,0,
1321370583646,0,ACTIVE,2251410,Rafael Nadal,1.66,23456,1.66,23456,1.66,23456,1.66,23456,1.66,23456,1.66,23456,0,1.6,0,0,0,0,
1321370584646,0,ACTIVE,2249229,Novak Djokovic,1.66,23456,1.66,23456,1.66,23456,1.66,23456,1.66,23456,1.66,23456,0,1.6,0,0,0,0,
1321370585646,0,ACTIVE,2251410,Rafael Nadal,1.66,23456,1.66,23456,1.66,23456,1.66,23456,1.66,23456,1.66,23456,0,1.6,0,0,0,0,
1321370586646,0,ACTIVE,2249229,Novak Djokovic,1.66,23456,1.66,23456,1.66,23456,1.66,23456,1.66,23456,1.66,23456,0,1.6,0,0,0,0,
1321370587646,0,ACTIVE,2251410,Rafael Nadal,1.66,23456,1.66,23456,1.66,23456,1.66,23456,1.66,23456,1.66,23456,0,1.6,0,0,0,0,
1321370588646,0,ACTIVE,2249229,Novak Djokovic,1.66,23456,1.66,23456,1.66,23456,1.66,23456,1.66,23456,1.66,23456,0,1.6,0,0,0,0,
1321370589646,0,ACTIVE,2251410,Rafael Nadal,1.66,23456,1.66,23456,1.66,23456,1.66,23456,1.66,23456,1.66,23456,0,1.6,0,0,0,0,
1321370590646,0,ACTIVE,2249229,Novak Djokovic,1.66,23456,1.66,23456,1.66,23456,1.66,23456,1.66,23456,1.66,23456,0,1.6,0,0,0,0,
1321370591646,0,ACTIVE,2251410,Rafael Nadal,1.66,23456,1.66,23456,1.66,23456,1.66,23456,1.66,23456,1.66,23456,0,1.6,0,0,0,0,
1321370592646,0,ACTIVE,2249229,Novak Djokovic,1.66,23456,1.66,23456,1.66,23456,1.66,23456,1.66,23456,1.66,23456,0,1.6,0,0,0,0,
1321370593646,0,ACTIVE,2251410,Rafael Nadal,1.66,23456,1.66,23456,1.66,23456,1.66,23456,1.66,23456,1.66,23456,0,1.6,0,0,0,0,
1321370594646,0,ACTIVE,2249229,Novak Djokovic,1.66,23456,1.66,23456,1.66,23456,1.66,23456,1.66,23456,1.66,23456,0,1.6,0,0,0,0,
1321370595646,0,ACTIVE,2251410,Rafael Nadal,1.66,23456,1.66,23456,1.66,23456,1.66,23456,1.66,23456,1.66,23456,0,1.6,0,0,0,0,
1321370596646,0,ACTIVE,2249229,Novak Djokovic,1.66,23456,1.66,23456,1.66,23456,1.66,23456,1.66,23456,1.66,23456,0,1.6,0,0,0,0,
1321370597646,0,ACTIVE,2251410,Rafael Nadal,1.66,23456,1.66,23456,1.66,23456,1.66,23456,1.66,23456,1.66,23456,0,1.6,0,0,0,0,
1321370598646,0,ACTIVE,2249229,Novak Djokovic,1.66,23456,1.66,23456,1.66,23456,1.66,23456,1.66,23456,1.66,23456,0,1.6,0,0,0,0,
1321370599646,0,ACTIVE,2251410,Rafael Nadal,1.66,23456,1.66,23456,1.66,23456,1.66,23456,1.66,23456,1.66,23456,0,1.6,0,0,0,0,
1321370600646,0,ACTIVE,2249229,Novak Djokovic,1.66,23456,1.66,23456,1.66,23456,1.66,23456,1.66,23456,1.66,23456,0,1.6,0,0,0,0,
1321370601646,0,ACTIVE,2251410,Rafael Nadal,1.66,23456,1.66,23456,1.66,23456,1.66,23456,1.66,23456,1.66,23456,0,1.6,0,0,0,0,
1321370602646,0,ACTIVE,2249229,Novak Djokovic,1.66,23456,1.66,23456,1.66,23456,1.66,23456,1.66,23456,1.66,23456,0,1.6,0,0,0,0,
1321370603646,0,ACTIVE,2251410,Rafael Nadal,1.66,23456,1.66,23456,1.66,23456,1.66,23456,1.66,23456,1.66,23456,0,1.6,0,0,0,0,
1321370604646,0,ACTIVE,2249229,Novak Djokovic,1.66,23456,1.66,23456,1.66,23456,1.66,23456,1.66,23456,1.66,23456,0,1.6,0,0,0,0,
1321370605646,0,ACTIVE,2251410,Rafael Nadal,1.66,23456,1.66,23456,1.66,23456,1.66,23456,1.66,23456,1.66,23456,0,1.6,0,0,0,0,
1321370606646,0,ACTIVE,2249229,Novak Djokovic,1.66,23456,1.66,23456,1.66,23456,1.66,23456,1.66,23456,1.66,23456,0,1.6,0,0,0,0,
1321370607646,0,ACTIVE,2251410,Rafael Nadal,1.66,23456,1.66,23456,1.66,23456,1.66,23456,1.66,23456,1.66,23456,0,1.6,0,0,0,0,
1321370608646,0,ACTIVE,2249229,Novak Djokovic,1.66,23456,1.66,23456,1.66,23456,1.66,23456,1.66,23456,1.66,23456,0,1.6,0,0,0,0,
1321370609646,0,ACTIVE,2251410,Rafael Nadal,1.66,23456,1.66,23456,1.66,23456,1.66,23456,1.66,23456,1.66,23456,0,1.6,0,0,0,0,
1321370610646,0,ACTIVE,2249229,Novak Djokovic,1.66,23456,1.66,23456,1.66,23456,1.66,23456,1.66,23456,1.66,23456,0,1.6,0,0,0,0,
1321370611646,0,ACTIVE,2251410,Rafael Nadal,1.66,23456,1.66,23456,1.66,23456,1.66,23456,1.66,23456,1.66,23456,0,1.6,0,0,0,0,
1321370612646,0,ACTIVE,2249229,Novak Djokovic,1.66,23456,1.66,23456,1.66,23456,1.66,23456,1.66,23456,1.66,23456,0,1.6,0,0,0,0,
1321370613646,0,ACTIVE,2251410,Rafael Nadal,1.66,23456,1.66,23456,1.66,23456,1.66,23456,1.66,23456,1.66,23456,0,1.6,0,0,0,0,
1321370614646,0,ACTIVE,2249229,Novak Djokovic,1.66,23456,1.66,23456,1.66,23456,1.66,23456,1.66,23456,1.66,23456,0,1.6,0,0,0,0,
1321370615646,0,ACTIVE,2251410,Rafael Nadal,1.66,23456,1.66,23456,1.66,23456,1.66,23456,1.66,23456,1.66,23456,0,1.6,0,0,0,0,
1321370616646,0,ACTIVE,2249229,Novak Djokovic,1.66,23456,1.66,23456,1.66,23456,1.66,23456,1.66,23456,1.66,23456,0,1.6,0,0,0,0,
1321370617646,0,ACTIVE,2251410,Rafael Nadal,1.66,23456,1.66,23456,1.66,23456,1.66,23456,1.66,23456,1.66,23456,0,1.6,0,0,0,0,
1321370618646,0,ACTIVE,2249229,Novak Djokovic,1.66,23456,1.66,23456,1.66,23456,1.66,23456,1.66,23456,1.66,23456,0,1.6,0,0,0,0,
1321370619646,0,ACTIVE,2251410,Rafael Nadal,1.66,23456,1.66,23456,1.66,23456,1.66,23456,1.66,23456,1.66,23456,0,1.6,0,0,0,0,
1321370620646,0,ACTIVE,2249229,Novak Djokovic,1.66,23456,1.66,23456,1.66,23456,1.66,23456,1.66,23456,1.66,23456,0,1.6,0,0,0,0,
1321370621646,0,ACTIVE,2251410,Rafael Nadal,1.66,23456,1.66,23456,1.66,23456,1.66,23456,1.66,23456,1.66,23456,0,1.6,0,0,0,0,
1321370622646,0,ACTIVE,2249229,Novak Djokovic,1.66,23456,1.66,23456,1.66,23456,1.66,23456,1.66,23456,1.66,23456,0,1.6,0,0,0,0,
1321370623646,0,ACTIVE,2251410,Rafael Nadal,1.66,23456,1.66,23456,1.66,23456,1.66,23456,1.66,23456,1.66,23456,0,1.6,0,0,0,0,
1321370624646,0,ACTIVE,2249229,Novak Djokovic,1.66,23456,1.66,23456,1.66,23456,1.66,23456,1.66,23456,1.66,23456,0,1.6,0,0,0,0,
1321370625646,0,ACTIVE,2251410,Rafael Nadal,1.66,23456,1.66,23456,1.66,23456,1.66,23456,1.66,23456,1.66,23456,0,1.6,0,0,0,0,
1321370626646,0,ACTIVE,2249229,Novak Djokovic,1.66,23456,1.66,23456,1.66,23456,1.66,23456,1.66,23456,1.66,23456,0,1.6,0,0,0,0,
1321370627646,0,ACTIVE,2251410,Rafael Nadal,1.66,23456,1.66,23456,1.66,23456,1.66,23456,1.66,23456,1.66,23456,0,1.6,0,0,0,0,
1321370628646,0,ACTIVE,2249229,Novak Djokovic,1.66,23456,1.66,23456,1.66,23456,1.66,23456,1.66,23456,1.66,23456,0,1.6,0,0,0,0,
1321370629646,0,ACTIVE,2251410,Rafael Nadal,1.66,23456,1.66,23456,1.66,23456,1.66,23456,1.66,23456,1.66,23456,0,1.6,0,0,0,0,
1321370630646,0,ACTIVE,2249229,Novak Djokovic,1.66,23456,1.66,23456,1.66,23456,1.66,23456,1.66,23456,1.66,23456,0,1.6,0,0,0,0,
1321370631646,0,ACTIVE,2251410,Rafael Nadal,1.66,23456,1.66,23456,1.66,23456,1.66,23456,1.66,23456,1.66,23456,0,1.6,0,0,0,0,
1321370632646,0,ACTIVE,2249229,Novak Djokovic,1.66,23456,1.66,23456,1.66,23456,1.66,23456,1.66,23456,1.66,23456,0,1.6,0,0,0,0,
1321370633646,0,ACTIVE,2251410,Rafael Nadal,1.66,23456,1.66,23456,1.66,23456,1.66,23456,1.66,23456,1.66,23456,0,1.6,0,0,0,0,
1321370634646,0,ACTIVE,2249229,Novak Djokovic,1.66,23456,1.66,23456,1.66,23456,1.66,23456,1.66,23456,1.66,23456,0,1.6,0,0,0,0,
1321370635646,0,ACTIVE,2251410,Rafael Nadal,1.66,23456,1.66,23456,1.66,23456,1.66,23456,1.66,23456,1.66,23456,0,1.6,0,0,0,0,
1321370636646,0,ACTIVE,2249229,Novak Djokovic,1.66,23456,1.66,23456,1.66,23456,1.66,23456,1.66,23456,1.66,23456,0,1.6,0,0,0,0,
1321370637646,0,ACTIVE,2251410,Rafael Nadal,1.66,23456,1.66,23456,1.66,23456,1.66,23456,1.66,23456,1.66,23456,0,1.6,0,0,0,0,
1321370638646,0,ACTIVE,2249229,Novak Djokovic,1.66,23456,1.66,23456,1.66,23456,1.66,23456,1.66,23456,1.66,23456,0,1.6,0,0,0,0,
1321370639646,0,ACTIVE,2251410,Rafael Nadal,1.66,23456,1.66,23456,1.66,23456,1.66,23456,1.66,23456,1.66,23456,0,1.6,0,0,0,0,
1321370640646,0,ACTIVE,2249229,Novak Djokovic,1.66,23456,1.66,23456,1.66,23456,1.66,23456,1.66,23456,1.66,23456,0,1.6,0,0,0,0,
1321370641646,0,ACTIVE,2251410,Rafael Nadal,1.66,23456,1.66,23456,1.66,23456,1.66,23456,1.66,23456,1.66,23456,0,1.6,0,0,0,0,
1321370642646,0,ACTIVE,2249229,Novak Djokovic,1.66,23456,1.66,23456,1.66,23456,1.66,23456,1.66,23456,1.66,23456,0,1.6,0,0,0,0,
1321370643646,0,ACTIVE,2251410,Rafael Nadal,1.66,23456,1.66,23456,1.66,23456,1.66,23456,1.66,23456,1.66,23456,0,1.6,0,0,0,0,
1321370644646,0,ACTIVE,2249229,Novak Djokovic,1.66,23456,1.66,23456,1.66,23456,1.66,23456,1.66,23456,1.66,23456,0,1.6,0,0,0,0,
1321370645646,0,ACTIVE,2251410,Rafael Nadal,1.66,23456,1.66,23456,1.66,23456,1.66,23456,1.66,23456,1.66,23456,0,1.6,0,0,0,0,
1321370646646,0,ACTIVE,2249229,Novak Djokovic,1.66,23456,1.66,23456,1.66,23456,1.66,23456,1.66,23456,1.66,23456,0,1.6,0,0,0,0,
1321370647646,0,ACTIVE,2251410,Rafael Nadal,1.66,23456,1.66,23456,1.66,23456,1.66,23456,1.66,23456,1.66,23456,0,1.6,0,0,0,0,
1321370648646,0,ACTIVE,2249229,Novak Djokovic,1.66,23456,1.66,23456,1.66,23456,1.66,23456,1.66,23456,1.66,23456,0,1.6,0,0,0,0,
1321370649646,0,ACTIVE,2251410,Rafael Nadal,1.66,23456,1.66,23456,1.66,23456,1.66,23456,1.66,23456,1.66,23456,0,1.6,0,0,0,0,
1321370650646,0,ACTIVE,2249229,Novak Djokovic,1.66,23456,1.66,23456,1.66,23456,1.66,23456,1.66,23456,1.66,23456,0,1.6,0,0,0,0,
1321370651646,0,ACTIVE,2251410,Rafael Nadal,1.66,23456,1.66,23456,1.66,23456,1.66,23456,1.66,23456,1.66,23456,0,1.6,0,0,0,0,
1321370652646,0,ACTIVE,2249229,Novak Djokovic,1.66,23456,1.66,23456,1.66,23456,1.66,23456,1.66,23456,1.66,23456,0,1.6,0,0,0,0,
1321370653646,0,ACTIVE,2251410,Rafael Nadal,1.66,23456,1.66,23456,1.66,23456,1.66,23456,1.66,23456,1.66,23456,0,1.6,0,0,0,0,
1321370654646,0,ACTIVE,2249229,Novak Djokovic,1.66,23456,1.66,23456,1.66,23456,1.66,23456,1.66,23456,1.66,23456,0,1.6,0,0,0,0,
1321370655646,0,ACTIVE,2251410,Rafael Nadal,1.66,23456,1.66,23456,1.66,23456,1.66,23456,1.66,23456,1.66,23456,0,1.6,0,0,0,0,
1321370656646,0,ACTIVE,2249229,Novak Djokovic,1.66,23456,1.66,23456,1.66,23456,1.66,23456,1.66,23456,1.66,23456,0,1.6,0,0,0,0,
1321370657646,0,ACTIVE,2251410,Rafael Nadal,1.66,23456,1.66,23456,1.66,23456,1.66,23456,1.66,23456,1.66,23456,0,1.6,0,0,0,0,
1321370658646,0,ACTIVE,2249229,Novak Djokovic,1.66,23456,1.66,23456,1.66,23456,1.66,23456,1.66,23456,1.66,23456,0,1.6,0,0,0,0,
1321370659646,0,ACTIVE,2251410,Rafael Nadal,1.66,23456,1.66,23456,1.66,23456,1.66,23456,1.66,23456,1.66,23456,0,1.6,0,0,0,0,
1321370660646,0,ACTIVE,2249229,Novak Djokovic,1.66,23456,1.66,23456,1.66,23456,1.66,23456,1.66,23456,1.66,23456,0,1.6,0,0,0,0,
1321370661646,0,ACTIVE,2251410,Rafael Nadal,1.66,23456,1.66,23456,1.66,23456,1.66,23456,1.66,23456,1.66,23456,0,1.6,0,0,0,0,
1321370662646,0,ACTIVE,2249229,Novak Djokovic,1.66,23456,1.66,23456,1.66,23456,1.66,23456,1.66,23456,1.66,23456,0,1.6,0,0,0,0,
1321370663646,0,ACTIVE,2251410,Rafael Nadal,1.66,23456,1.66,23456,1.66,23456,1.66,23456,1.66,23456,1.66,23456,0,1.6,0,0,0,0,
1321370664646,0,ACTIVE,2249229,Novak Djokovic,1.66,23456,1.66,23456,1.66,23456,1.66,23456,1.66,23456,1.66,23456,0,1.6,0,0,0,0,
1321370665646,0,ACTIVE,2251410,Rafael Nadal,1.66,23456,1.66,23456,1.66,23456,1.66,23456,1.66,23456,1.66,23456,0,1.6,0,0,0,0,
1321370666646,0,ACTIVE,2249229,Novak Djokovic,1.66,23456,1.66,23456,1.66,23456,1.66,23456,1.66,23456,1.66,23456,0,1.6,0,0,0,0,
1321370667646,0,ACTIVE,2251410,Rafael Nadal,1.66,23456,1.66,23456,1.66,23456,1.66,23456,1.66,23456,1.66,23456,0,1.6,0,0,0,0,
1321370668646,0,ACTIVE,2249229,Novak Djokovic,1.66,23456,1.66,23456,1.66,23456,1.66,23456,1.66,23456,1.66,23456,0,1.6,0,0,0,0,
1321370669646,0,ACTIVE,2251410,Rafael Nadal,1.66,23456,1.66,23456,1.66,23456,1.66,23456,1.66,23456,1.66,23456,0,1.6,0,0,0,0,
1321370670646,0,ACTIVE,2249229,Novak Djokovic,1.66,23456,1.66,23456,1.66,23456,1.66,23456,1.66,23456,1.66,23456,0,1.6,0,0,0,0,
1321370671646,0,ACTIVE,2251410,Rafael Nadal,1.66,23456,1.66,23456,1.66,23456,1.66,23456,1.66,23456,1.66,23456,0,1.6,0,0,0,0,
1321370672646,0,ACTIVE,2249229,Novak Djokovic,1.66,23456,1.66,23456,1.66,23456,1.66,23456,1.66,23456,1.66,23456,0,1.6,0,0,0,0,
1321370673646,0,ACTIVE,2251410,Rafael Nadal,1.66,23456,1.66,23456,1.66,23456,1.66,23456,1.66,23456,1.66,23456,0,1.6,0,0,0,0,
1321370674646,0,ACTIVE,2249229,Novak Djokovic,1.66,23456,1.66,23456,1.66,23456,1.66,23456,1.66,23456,1.66,23456,0,1.6,0,0,0,0,
1321370675646,0,ACTIVE,2251410,Rafael Nadal,1.66,23456,1.66,23456,1.66,23456,1.66,23456,1.66,23456,1.66,23456,0,1.6,0,0,0,0,
1321370676646,0,ACTIVE,2249229,Novak Djokovic,1.66,23456,1.66,23456,1.66,23456,1.66,23456,1.66,23456,1.66,23456,0,1.6,0,0,0,0,
1321370677646,0,ACTIVE,2251410,Rafael Nadal,1.66,23456,1.66,23456,1.66,23456,1.66,23456,1.66,23456,1.66,23456,0,1.6,0,0,0,0,
1321370678646,0,ACTIVE,2249229,Novak Djokovic,1.66,23456,1.66,23456,1.66,23456,1.66,23456,1.66,23456,1.66,23456,0,1.6,0,0,0,0,
1321370679646,0,ACTIVE,2251410,Rafael Nadal,1.66,23456,1.66,23456,1.66,23456,1.66,23456,1.66,23456,1.66,23456,0,1.6,0,0,0,0,
1321370680646,0,ACTIVE,2249229,Novak Djokovic,1.66,23456,1.66,23456,1.66,23456,1.66,23456,1.66,23456,1.66,23456,0,1.6,0,0,0,0,
1321370681646,0,ACTIVE,2251410,Rafael Nadal,1.66,23456,1.66,23456,1.66,23456,1.66,23456,1.66,23456,1.66,23456,0,1.6,0,0,0,0,
1321370682646,0,ACTIVE,2249229,Novak Djokovic,1.66,23456,1.66,23456,1.66,23456,1.66,23456,1.66,23456,1.66,23456,0,1.6,0,0,0,0,
1321370683646,0,ACTIVE,2251410,Rafael Nadal,1.66,23456,1.66,23456,1.66,23456,1.66,23456,1.66,23456,1.66,23456,0,1.6,0,0,0,0,
1321370684646,0,ACTIVE,2249229,Novak Djokovic,1.66,23456,1.66,23456,1.66,23456,1.66,23456,1.66,23456,1.66,23456,0,1.6,0,0,0,0,
1321370685646,0,ACTIVE,2251410,Rafael Nadal,1.66,23456,1.66,23456,1.66,23456,1.66,23456,1.66,23456,1.66,23456,0,1.6,0,0,0,0,
1321370686646,0,ACTIVE,2249229,Novak Djokovic,1.66,23456,1.66,23456,1.66,23456,1.66,23456,1.66,23456,1.66,23456,0,1.6,0,0,0,0,
1321370687646,0,ACTIVE,2251410,Rafael Nadal,1.66,23456,1.66,23456,1.66,23456,1.66,23456,1.66,23456,1.66,23456,0,1.6,0,0,0,0,
1321370688646,0,ACTIVE,2249229,Novak Djokovic,1.66,23456,1.66,23456,1.66,23456,1.66,23456,1.66,23456,1.66,23456,0,1.6,0,0,0,0,
1321370689646,0,ACTIVE,2251410,Rafael Nadal,1.66,23456,1.66,23456,1.66,23456,1.66,23456,1.66,23456,1.66,23456,0,1.6,0,0,0,0,
1321370690646,0,ACTIVE,2249229,Novak Djokovic,1.66,23456,1.66,23456,1.66,23456,1.66,23456,1.66,23456,1.66,23456,0,1.6,0,0,0,0,
1321370691646,0,ACTIVE,2251410,Rafael Nadal,1.66,23456,1.66,23456,1.66,23456,1.66,23456,1.66,23456,1.66,23456,0,1.6,0,0,0,0,
1321370692646,0,ACTIVE,2249229,Novak Djokovic,1.66,23456,1.66,23456,1.66,23456,1.66,23456,1.66,23456,1.66,23456,0,1.6,0,0,0,0,
1321370693646,0,ACTIVE,2251410,Rafael Nadal,1.66,23456,1.66,23456,1.66,23456,1.66,23456,1.66,23456,1.66,23456,0,1.6,0,0,0,0,
1321370694646,0,ACTIVE,2249229,Novak Djokovic,1.66,23456,1.66,23456,1.66,23456,1.66,23456,1.66,23456,1.66,23456,0,1.6,0,0,0,0,
1321370695646,0,ACTIVE,2251410,Rafael Nadal,1.66,23456,1.66,23456,1.66,23456,1.66,23456,1.66,23456,1.66,23456,0,1.6,0,0,0,0,
1321370696646,0,ACTIVE,2249229,Novak Djokovic,1.66,23456,1.66,23456,1.66,23456,1.66,23456,1.66,23456,1.66,23456,0,1.6,0,0,0,0,
1321370697646,0,ACTIVE,2251410,Rafael Nadal,1.66,23456,1.66,23456,1.66,23456,1.66,23456,1.66,23456,1.66,23456,0,1.6,0,0,0,0,
1321370698646,0,ACTIVE,2249229,Novak Djokovic,1.66,23456,1.66,23456,1.66,23456,1.66,23456,1.66,23456,1.66,23456,0,1.6,0,0,0,0,
1321370699646,0,ACTIVE,2251410,Rafael Nadal,1.66,23456,1.66,23456,1.66,23456,1.66,23456,1.66,23456,1.66,23456,0,1.6,0,0,0,0,
1321370700646,0,ACTIVE,2249229,Novak Djokovic,1.66,23456,1.66,23456,1.66,23456,1.66,23456,1.66,23456,1.66,23456,0,1.6,0,0,0,0,
1321370701646,0,ACTIVE,2251410,Rafael Nadal,1.66,23456,1.66,23456,1.66,23456,1.66,23456,1.66,23456,1.66,23456,0,1.6,0,0,0,0,
1321370702646,0,ACTIVE,2249229,Novak Djokovic,1.66,23456,1.66,23456,1.66,23456,1.66,23456,1.66,23456,1.66,23456,0,1.6,0,0,0,0,
1321370703646,0,ACTIVE,2251410,Rafael Nadal,1.66,23456,1.66,23456,1.66,23456,1.66,23456,1.66,23456,1.66,23456,0,1.6,0,0,0,0,
1321370704646,0,ACTIVE,2249229,Novak Djokovic,1.66,23456,1.66,23456,1.66,23456,1.66,23456,1.66,23456,1.66,23456,0,1.6,0,0,0,0,
1321370705646,0,ACTIVE,2251410,Rafael Nadal,1.66,23456,1.66,23456,1.66,23456,1.66,23456,1.66,23456,1.66,23456,0,1.6,0,0,0,0,
1321370706646,0,ACTIVE,2249229,Novak Djokovic,1.66,23456,1.66,23456,1.66,23456,1.66,23456,1.66,23456,1.66,23456,0,1.6,0,0,0,0,
1321370707646,0,ACTIVE,2251410,Rafael Nadal,1.66,23456,1.66,23456,1.66,23456,1.66,23456,1.66,23456,1.66,23456,0,1.6,0,0,0,0,
1321370708646,0,ACTIVE,2249229,Novak Djokovic,1.66,23456,1.66,23456,1.66,23456,1.66,23456,1.66,23456,1.66,23456,0,1.6,0,0,0,0,
1321370709646,0,ACTIVE,2251410,Rafael Nadal,1.66,23456,1.66,23456,1.66,23456,1.66,23456,1.66,23456,1.66,23456,0,1.6,0,0,0,0,
1321370710646,0,ACTIVE,2249229,Novak Djokovic,1.66,23456,1.66,23456,1.66,23456,1.66,23456,1.66,23456,1.66,23456,0,1.6,0,0,0,0,
1321370711646,0,ACTIVE,2251410,Rafael Nadal,1.66,23456,1.66,23456,1.66,23456,1.66,23456,1.66,23456,1.66,23456,0,1.6,0,0,0,0,
1321370712646,0,ACTIVE,2249229,Novak Djokovic,1.66,23456,1.66,23456,1.66,23456,1.66,23456,1.66,23456,1.66,23456,0,1.6,0,0,0,0,
1321370713646,0,ACTIVE,2251410,Rafael Nadal,1.66,23456,1.66,23456,1.66,23456,1.66,23456,1.66,23456,1.66,23456,0,1.6,0,0,0,0,
1321370714646,0,ACTIVE,2249229,Novak Djokovic,1.66,23456,1.66,23456,1.66,23456,1.66,23456,1.66,23456,1.66,23456,0,1.6,0,0,0,0,
1321370715646,0,ACTIVE,2251410,Rafael Nadal,1.66,23456,1.66,23456,1.66,23456,1.66,23456,1.66,23456,1.66,23456,0,1.6,0,0,0,0,
1321370716646,0,ACTIVE,2249229,Novak Djokovic,1.66,23456,1.66,23456,1.66,23456,1.66,23456,1.66,23456,1.66,23456,0,1.6,0,0,0,0,
1321370717646,0,ACTIVE,2251410,Rafael Nadal,1.66,23456,1.66,23456,1.66,23456,1.66,23456,1.66,23456,1.66,23456,0,1.6,0,0,0,0,
1321370718646,0,ACTIVE,2249229,Novak Djokovic,1.66,23456,1.66,23456,1.66,23456,1.66,23456,1.66,23456,1.66,23456,0,1.6,0,0,0,0,
1321370719646,0,ACTIVE,2251410,Rafael Nadal,1.66,23456,1.66,23456,1.66,23456,1.66,23456,1.66,23456,1.66,23456,0,1.6,0,0,0,0,
1321370720646,0,ACTIVE,2249229,Novak Djokovic,1.66,23456,1.66,23456,1.66,23456,1.66,23456,1.66,23456,1.66,23456,0,1.6,0,0,0,0,
1321370721646,0,ACTIVE,2251410,Rafael Nadal,1.66,23456,1.66,23456,1.66,23456,1.66,23456,1.66,23456,1.66,23456,0,1.6,0,0,0,0,
1321370722646,0,ACTIVE,2249229,Novak Djokovic,1.66,23456,1.66,23456,1.66,23456,1.66,23456,1.66,23456,1.66,23456,0,1.6,0,0,0,0,
1321370723646,0,ACTIVE,2251410,Rafael Nadal,1.66,23456,1.66,23456,1.66,23456,1.66,23456,1.66,23456,1.66,23456,0,1.6,0,0,0,0,
1321370724646,0,ACTIVE,2249229,Novak Djokovic,1.66,23456,1.66,23456,1.66,23456,1.66,23456,1.66,23456,1.66,23456,0,1.6,0,0,0,0,
1321370725646,0,ACTIVE,2251410,Rafael Nadal,1.66,23456,1.66,23456,1.66,23456,1.66,23456,1.66,23456,1.66,23456,0,1.6,0,0,0,0,
1321370726646,0,ACTIVE,2249229,Novak Djokovic,1.66,23456,1.66,23456,1.66,23456,1.66,23456,1.66,23456,1.66,23456,0,1.6,0,0,0,0,
1321370727646,0,ACTIVE,2251410,Rafael Nadal,1.66,23456,1.66,23456,1.66,23456,1.66,23456,1.66,23456,1.66,23456,0,1.6,0,0,0,0,
1321370728646,0,ACTIVE,2249229,Novak Djokovic,1.66,23456,1.66,23456,1.66,23456,1.66,23456,1.66,23456,1.66,23456,0,1.6,0,0,0,0,
1321370729646,0,ACTIVE,2251410,Rafael Nadal,1.66,23456,1.66,23456,1.66,23456,1.66,23456,1.66,23456,1.66,23456,0,1.6,0,0,0,0,
1321370730646,0,ACTIVE,2249229,Novak Djokovic,1.66,23456,1.66,23456,1.66,23456,1.66,23456,1.66,23456,1.66,23456,0,1.6,0,0,0,0,
1321370731646,0,ACTIVE,2251410,Rafael Nadal,1.66,23456,1.66,23456,1.66,23456,1.66,23456,1.66,23456,1.66,23456,0,1.6,0,0,0,0,
1321370732646,0,ACTIVE,2249229,Novak Djokovic,1.66,23456,1.66,23456,1.66,23456,1.66,23456,1.66,23456,1.66,23456,0,1.6,0,0,0,0,
1321370733646,0,ACTIVE,2251410,Rafael Nadal,1.66,23456,1.66,23456,1.66,23456,1.66,23456,1.66,23456,1.66,23456,0,1.6,0,0,0,0,
1321370734646,0,ACTIVE,2249229,Novak Djokovic,1.66,23456,1.66,23456,1.66,23456,1.66,23456,1.66,23456,1.66,23456,0,1.6,0,0,0,0,
1321370735646,0,ACTIVE,2251410,Rafael Nadal,1.66,23456,1.66,23456,1.66,23456,1.66,23456,1.66,23456,1.66,23456,0,1.6,0,0,0,0,
1321370736646,0,ACTIVE,2249229,Novak Djokovic,1.66,23456,1.66,23456,1.66,23456,1.66,23456,1.66,23456,1.66,23456,0,1.6,0,0,0,0,
1321370737646,0,ACTIVE,2251410,Rafael Nadal,1.66,23456,1.66,23456,1.66,23456,1.66,23456,1.66,23456,1.66,23456,0,1.6,0,0,0,0,
1321370738646,0,ACTIVE,2249229,Novak Djokovic,1.66,23456,1.66,23456,1.66,23456,1.66,23456,1.66,23456,1.66,23456,0,1.6,0,0,0,0,
1321370739646,0,ACTIVE,2251410,Rafael Nadal,1.66,23456,1.66,23456,1.66,23456,1.66,23456,1.66,23456,1.66,23456,0,1.6,0,0,0,0,
1321370740646,0,ACTIVE,2249229,Novak Djokovic,1.66,23456,1.66,23456,1.66,23456,1.66,23456,1.66,23456,1.66,23456,0,1.6,0,0,0,0,
1321370741646,0,ACTIVE,2251410,Rafael Nadal,1.66,23456,1.66,23456,1.66,23456,1.66,23456,1.66,23456,1.66,23456,0,1.6,0,0,0,0,
1321370742646,0,ACTIVE,2249229,Novak Djokovic,1.66,23456,1.66,23456,1.66,23456,1.66,23456,1.66,23456,1.66,23456,0,1.6,0,0,0,0,
1321370743646,0,ACTIVE,2251410,Rafael Nadal,1.66,23456,1.66,23456,1.66,23456,1.66,23456,1.66,23456,1.66,23456,0,1.6,0,0,0,0,
1321370744646,0,ACTIVE,2249229,Novak Djokovic,1.66,23456,1.66,23456,1.66,23456,1.66,23456,1.66,23456,1.66,23456,0,1.6,0,0,0,0,
1321370745646,0,ACTIVE,2251410,Rafael Nadal,1.66,23456,1.66,23456,1.66,23456,1.66,23456,1.66,23456,1.66,23456,0,1.6,0,0,0,0,
1321370746646,0,ACTIVE,2249229,Novak Djokovic,1.66,23456,1.66,23456,1.66,23456,1.66,23456,1.66,23456,1.66,23456,0,1.6,0,0,0,0,
1321370747646,0,ACTIVE,2251410,Rafael Nadal,1.66,23456,1.66,23456,1.66,23456,1.66,23456,1.66,23456,1.66,23456,0,1.6,0,0,0,0,
1321370748646,0,ACTIVE,2249229,Novak Djokovic,1.66,23456,1.66,23456,1.66,23456,1.66,23456,1.66,23456,1.66,23456,0,1.6,0,0,0,0,
1321370749646,0,ACTIVE,2251410,Rafael Nadal,1.66,23456,1.66,23456,1.66,23456,1.66,23456,1.66,23456,1.66,23456,0,1.6,0,0,0,0,
1321370750646,0,ACTIVE,2249229,Novak Djokovic,1.66,23456,1.66,23456,1.66,23456,1.66,23456,1.66,23456,1.66,23456,0,1.6,0,0,0,0,
1321370751646,0,ACTIVE,2251410,Rafael Nadal,1.66,23456,1.66,23456,1.66,23456,1.66,23456,1.66,23456,1.66,23456,0,1.6,0,0,0,0,
1321370752646,0,ACTIVE,2249229,Novak Djokovic,1.66,23456,1.66,23456,1.66,23456,1.66,23456,1.66,23456,1.66,23456,0,1.6,0,0,0,0,
1321370753646,0,ACTIVE,2251410,Rafael Nadal,1.66,23456,1.66,23456,1.66,23456,1.66,23456,1.66,23456,1.66,23456,0,1.6,0,0,0,0,
1321370754646,0,ACTIVE,2249229,Novak Djokovic,1.66,23456,1.66,23456,1.66,23456,1.66,23456,1.66,23456,1.66,23456,0,1.6,0,0,0,0,
1321370755646,0,ACTIVE,2251410,Rafael Nadal,1.66,23456,1.66,23456,1.66,23456,1.66,23456,1.66,23456,1.66,23456,0,1.6,0,0,0,0,
1321370756646,0,ACTIVE,2249229,Novak Djokovic,1.66,23456,1.66,23456,1.66,23456,1.66,23456,1.66,23456,1.66,23456,0,1.6,0,0,0,0,
1321370757646,0,ACTIVE,2251410,Rafael Nadal,1.66,23456,1.66,23456,1.66,23456,1.66,23456,1.66,23456,1.66,23456,0,1.6,0,0,0,0,
1321370758646,0,ACTIVE,2249229,Novak Djokovic,1.66,23456,1.66,23456,1.66,23456,1.66,23456,1.66,23456,1.66,23456,0,1.6,0,0,0,0,
1321370759646,0,ACTIVE,2251410,Rafael Nadal,1.66,23456,1.66,23456,1.66,23456,1.66,23456,1.66,23456,1.66,23456,0,1.6,0,0,0,0,
1321370760646,0,ACTIVE,2249229,Novak Djokovic,1.66,23456,1.66,23456,1.66,23456,1.66,23456,1.66,23456,1.66,23456,0,1.6,0,0,0,0,
1321370761646,0,ACTIVE,2251410,Rafael Nadal,1.66,23456,1.66,23456,1.66,23456,1.66,23456,1.66,23456,1.66,23456,0,1.6,0,0,0,0,
1321370762646,0,ACTIVE,2249229,Novak Djokovic,1.66,23456,1.66,23456,1.66,23456,1.66,23456,1.66,23456,1.66,23456,0,1.6,0,0,0,0,
1321370763646,0,ACTIVE,2251410,Rafael Nadal,1.66,23456,1.66,23456,1.66,23456,1.66,23456,1.66,23456,1.66,23456,0,1.6,0,0,0,0,
1321370764646,0,ACTIVE,2249229,Novak Djokovic,1.66,23456,1.66,23456,1.66,23456,1.66,23456,1.66,23456,1.66,23456,0,1.6,0,0,0,0,
1321370765646,0,ACTIVE,2251410,Rafael Nadal,1.66,23456,1.66,23456,1.66,23456,1.66,23456,1.66,23456,1.66,23456,0,1.6,0,0,0,0,
1321370766646,0,ACTIVE,2249229,Novak Djokovic,1.66,23456,1.66,23456,1.66,23456,1.66,23456,1.66,23456,1.66,23456,0,1.6,0,0,0,0,
1321370767646,0,ACTIVE,2251410,Rafael Nadal,1.66,23456,1.66,23456,1.66,23456,1.66,23456,1.66,23456,1.66,23456,0,1.6,0,0,0,0,
1321370768646,0,ACTIVE,2249229,Novak Djokovic,1.66,23456,1.66,23456,1.66,23456,1.66,23456,1.66,23456,1.66,23456,0,1.6,0,0,0,0,
1321370769646,0,ACTIVE,2251410,Rafael Nadal,1.66,23456,1.66,23456,1.66,23456,1.66,23456,1.66,23456,1.66,23456,0,1.6,0,0,0,0,
1321370770646,0,ACTIVE,2249229,Novak Djokovic,1.66,23456,1.66,23456,1.66,23456,1.66,23456,1.66,23456,1.66,23456,0,1.6,0,0,0,0,
1321370771646,0,ACTIVE,2251410,Rafael Nadal,1.66,23456,1.66,23456,1.66,23456,1.66,23456,1.66,23456,1.66,23456,0,1.6,0,0,0,0,
1321370772646,0,ACTIVE,2249229,Novak Djokovic,1.66,23456,1.66,23456,1.66,23456,1.66,23456,1.66,23456,1.66,23456,0,1.6,0,0,0,0,
1321370773646,0,ACTIVE,2251410,Rafael Nadal,1.66,23456,1.66,23456,1.66,23456,1.66,23456,1.66,23456,1.66,23456,0,1.6,0,0,0,0,
1321370774646,0,ACTIVE,2249229,Novak Djokovic,1.66,23456,1.66,23456,1.66,23456,1.66,23456,1.66,23456,1.66,23456,0,1.6,0,0,0,0,
1321370775646,0,ACTIVE,2251410,Rafael Nadal,1.66,23456,1.66,23456,1.66,23456,1.66,23456,1.66,23456,1.66,23456,0,1.6,0,0,0,0,
1321370776646,0,ACTIVE,2249229,Novak Djokovic,1.66,23456,1.66,23456,1.66,23456,1.66,23456,1.66,23456,1.66,23456,0,1.6,0,0,0,0,
1321370777646,0,ACTIVE,2251410,Rafael Nadal,1.66,23456,1.66,23456,1.66,23456,1.66,23456,1.66,23456,1.66,23456,0,1.6,0,0,0,0,
1321370778646,0,ACTIVE,2249229,Novak Djokovic,1.66,23456,1.66,23456,1.66,23456,1.66,23456,1.66,23456,1.66,23456,0,1.6,0,0,0,0,
1321370779646,0,ACTIVE,2251410,Rafael Nadal,1.66,23456,1.66,23456,1.66,23456,1.66,23456,1.66,23456,1.66,23456,0,1.6,0,0,0,0,
1321370780646,0,ACTIVE,2249229,Novak Djokovic,1.66,23456,1.66,23456,1.66,23456,1.66,23456,1.66,23456,1.66,23456,0,1.6,0,0,0,0,
1321370781646,0,ACTIVE,2251410,Rafael Nadal,1.66,23456,1.66,23456,1.66,23456,1.66,23456,1.66,23456,1.66,23456,0,1.6,0,0,0,0,
1321370782646,0,ACTIVE,2249229,Novak Djokovic,1.66,23456,1.66,23456,1.66,23456,1.66,23456,1.66,23456,1.66,23456,0,1.6,0,0,0,0,
1321370783646,0,ACTIVE,2251410,Rafael Nadal,1.66,23456,1.66,23456,1.66,23456,1.66,23456,1.66,23456,1.66,23456,0,1.6,0,0,0,0,
1321370784646,0,ACTIVE,2249229,Novak Djokovic,1.66,23456,1.66,23456,1.66,23456,1.66,23456,1.66,23456,1.66,23456,0,1.6,0,0,0,0,
1321370785646,0,ACTIVE,2251410,Rafael Nadal,1.66,23456,1.66,23456,1.66,23456,1.66,23456,1.66,23456,1.66,23456,0,1.6,0,0,0,0,
1321370786646,0,ACTIVE,2249229,Novak Djokovic,1.66,23456,1.66,23456,1.66,23456,1.66,23456,1.66,23456,1.66,23456,0,1.6,0,0,0,0,
1321370787646,0,ACTIVE,2251410,Rafael Nadal,1.66,23456,1.66,23456,1.66,23456,1.66,23456,1.66,23456,1.66,23456,0,1.6,0,0,0,0,
1321370788646,0,ACTIVE,2249229,Novak Djokovic,1.66,23456,1.66,23456,1.66,23456,1.66,23456,1.66,23456,1.66,23456,0,1.6,0,0,0,0,
1321370789646,0,ACTIVE,2251410,Rafael Nadal,1.66,23456,1.66,23456,1.66,23456,1.66,23456,1.66,23456,1.66,23456,0,1.6,0,0,0,0,
1321370790646,0,ACTIVE,2249229,Novak Djokovic,1.66,23456,1.66,23456,1.66,23456,1.66,23456,1.66,23456,1.66,23456,0,1.6,0,0,0,0,
1321370791646,0,ACTIVE,2251410,Rafael Nadal,1.66,23456,1.66,23456,1.66,23456,1.66,23456,1.66,23456,1.66,23456,0,1.6,0,0,0,0,
1321370792646,0,ACTIVE,2249229,Novak Djokovic,1.66,23456,1.66,23456,1.66,23456,1.66,23456,1.66,23456,1.66,23456,0,1.6,0,0,0,0,
1321370793646,0,ACTIVE,2251410,Rafael Nadal,1.66,23456,1.66,23456,1.66,23456,1.66,23456,1.66,23456,1.66,23456,0,1.6,0,0,0,0,
1321370794646,0,ACTIVE,2249229,Novak Djokovic,1.66,23456,1.66,23456,1.66,23456,1.66,23456,1.66,23456,1.66,23456,0,1.6,0,0,0,0,
1321370795646,0,ACTIVE,2251410,Rafael Nadal,1.66,23456,1.66,23456,1.66,23456,1.66,23456,1.66,23456,1.66,23456,0,1.6,0,0,0,0,
1321370796646,0,ACTIVE,2249229,Novak Djokovic,1.66,23456,1.66,23456,1.66,23456,1.66,23456,1.66,23456,1.66,23456,0,1.6,0,0,0,0,
1321370797646,0,ACTIVE,2251410,Rafael Nadal,1.66,23456,1.66,23456,1.66,23456,1.66,23456,1.66,23456,1.66,23456,0,1.6,0,0,0,0,
1321370798646,0,ACTIVE,2249229,Novak Djokovic,1.66,23456,1.66,23456,1.66,23456,1.66,23456,1.66,23456,1.66,23456,0,1.6,0,0,0,0,
1321370799646,0,ACTIVE,2251410,Rafael Nadal,1.66,23456,1.66,23456,1.66,23456,1.66,23456,1.66,23456,1.66,23456,0,1.6,0,0,0,0,
1321370800646,0,ACTIVE,2249229,Novak Djokovic,1.66,23456,1.66,23456,1.66,23456,1.66,23456,1.66,23456,1.66,23456,0,1.6,0,0,0,0,
1321370801646,0,ACTIVE,2251410,Rafael Nadal,1.66,23456,1.66,23456,1.66,23456,1.66,23456,1.66,23456,1.66,23456,0,1.6,0,0,0,0,
1321370802646,0,ACTIVE,2249229,Novak Djokovic,1.66,23456,1.66,23456,1.66,23456,1.66,23456,1.66,23456,1.66,23456,0,1.6,0,0,0,0,
1321370803646,0,ACTIVE,2251410,Rafael Nadal,1.66,23456,1.66,23456,1.66,23456,1.66,23456,1.66,23456,1.66,23456,0,1.6,0,0,0,0,
1321370804646,0,ACTIVE,2249229,Novak Djokovic,1.66,23456,1.66,23456,1.66,23456,1.66,23456,1.66,23456,1.66,23456,0,1.6,0,0,0,0,
1321370805646,0,ACTIVE,2251410,Rafael Nadal,1.66,23456,1.66,23456,1.66,23456,1.66,23456,1.66,23456,1.66,23456,0,1.6,0,0,0,0,
1321370806646,0,ACTIVE,2249229,Novak Djokovic,1.66,23456,1.66,23456,1.66,23456,1.66,23456,1.66,23456,1.66,23456,0,1.6,0,0,0,0,
1321370807646,0,ACTIVE,2251410,Rafael Nadal,1.66,23456,1.66,23456,1.66,23456,1.66,23456,1.66,23456,1.66,23456,0,1.6,0,0,0,0,
1321370808646,0,ACTIVE,2249229,Novak Djokovic,1.66,23456,1.66,23456,1.66,23456,1.66,23456,1.66,23456,1.66,23456,0,1.6,0,0,0,0,
1321370809646,0,ACTIVE,2251410,Rafael Nadal,1.66,23456,1.66,23456,1.66,23456,1.66,23456,1.66,23456,1.66,23456,0,1.6,0,0,0,0,
1321370810646,0,ACTIVE,2249229,Novak Djokovic,1.66,23456,1.66,23456,1.66,23456,1.66,23456,1.66,23456,1.66,23456,0,1.6,0,0,0,0,
1321370811646,0,ACTIVE,2251410,Rafael Nadal,1.66,23456,1.66,23456,1.66,23456,1.66,23456,1.66,23456,1.66,23456,0,1.6,0,0,0,0,
1321370812646,0,ACTIVE,2249229,Novak Djokovic,1.66,23456,1.66,23456,1.66,23456,1.66,23456,1.66,23456,1.66,23456,0,1.6,0,0,0,0,
1321370813646,0,ACTIVE,2251410,Rafael Nadal,1.66,23456,1.66,23456,1.66,23456,1.66,23456,1.66,23456,1.66,23456,0,1.6,0,0,0,0,
1321370814646,0,ACTIVE,2249229,Novak Djokovic,1.66,23456,1.66,23456,1.66,23456,1.66,23456,1.66,23456,1.66,23456,0,1.6,0,0,0,0,
1321370815646,0,ACTIVE,2251410,Rafael Nadal,1.66,23456,1.66,23456,1.66,23456,1.66,23456,1.66,23456,1.66,23456,0,1.6,0,0,0,0,
1321370816646,0,ACTIVE,2249229,Novak Djokovic,1.66,23456,1.66,23456,1.66,23456,1.66,23456,1.66,23456,1.66,23456,0,1.6,0,0,0,0,
1321370817646,0,ACTIVE,2251410,Rafael Nadal,1.66,23456,1.66,23456,1.66,23456,1.66,23456,1.66,23456,1.66,23456,0,1.6,0,0,0,0,
1321370818646,0,ACTIVE,2249229,Novak Djokovic,1.66,23456,1.66,23456,1.66,23456,1.66,23456,1.66,23456,1.66,23456,0,1.6,0,0,0,0,
1321370819646,0,ACTIVE,2251410,Rafael Nadal,1.66,23456,1.66,23456,1.66,23456,1.66,23456,1.66,23456,1.66,23456,0,1.6,0,0,0,0,
1321370820646,0,ACTIVE,2249229,Novak Djokovic,1.66,23456,1.66,23456,1.66,23456,1.66,23456,1.66,23456,1.66,23456,0,1.6,0,0,0,0,
1321370821646,0,ACTIVE,2251410,Rafael Nadal,1.66,23456,1.66,23456,1.66,23456,1.66,23456,1.66,23456,1.66,23456,0,1.6,0,0,0,0,
1321370822646,0,ACTIVE,2249229,Novak Djokovic,1.66,23456,1.66,23456,1.66,23456,1.66,23456,1.66,23456,1.66,23456,0,1.6,0,0,0,0,
1321370823646,0,ACTIVE,2251410,Rafael Nadal,1.66,23456,1.66,23456,1.66,23456,1.66,23456,1.66,23456,1.66,23456,0,1.6,0,0,0,0,
1321370824646,0,ACTIVE,2249229,Novak Djokovic,1.66,23456,1.66,23456,1.66,23456,1.66,23456,1.66,23456,1.66,23456,0,1.6,0,0,0,0,
1321370825646,0,ACTIVE,2251410,Rafael Nadal,1.66,23456,1.66,23456,1.66,23456,1.66,23456,1.66,23456,1.66,23456,0,1.6,0,0,0,0,
1321370826646,0,ACTIVE,2249229,Novak Djokovic,1.66,23456,1.66,23456,1.66,23456,1.66,23456,1.66,23456,1.66,23456,0,1.6,0,0,0,0,
1321370827646,0,ACTIVE,2251410,Rafael Nadal,1.66,23456,1.66,23456,1.66,23456,1.66,23456,1.66,23456,1.66,23456,0,1.6,0,0,0,0,
1321370828646,0,ACTIVE,2249229,Novak Djokovic,1.66,23456,1.66,23456,1.66,23456,1.66,23456,1.66,23456,1.66,23456,0,1.6,0,0,0,0,
1321370829646,0,ACTIVE,2251410,Rafael Nadal,1.66,23456,1.66,23456,1.66,23456,1.66,23456,1.66,23456,1.66,23456,0,1.6,0,0,0,0,
1321370830646,0,ACTIVE,2249229,Novak Djokovic,1.66,23456,1.66,23456,1.66,23456,1.66,23456,1.66,23456,1.66,23456,0,1.6,0,0,0,0,
1321370831646,0,ACTIVE,2251410,Rafael Nadal,1.66,23456,1.66,23456,1.66,23456,1.66,23456,1.66,23456,1.66,23456,0,1.6,0,0,0,0,
1321370832646,0,ACTIVE,2249229,Novak Djokovic,1.66,23456,1.66,23456,1.66,23456,1.66,23456,1.66,23456,1.66,23456,0,1.6,0,0,0,0,
1321370833646,0,ACTIVE,2251410,Rafael Nadal,1.66,23456,1.66,23456,1.66,23456,1.66,23456,1.66,23456,1.66,23456,0,1.6,0,0,0,0,
1321370834646,0,ACTIVE,2249229,Novak Djokovic,1.66,23456,1.66,23456,1.66,23456,1.66,23456,1.66,23456,1.66,23456,0,1.6,0,0,0,0,
1321370835646,0,ACTIVE,2251410,Rafael Nadal,1.66,23456,1.66,23456,1.66,23456,1.66,23456,1.66,23456,1.66,23456,0,1.6,0,0,0,0,
1321370836646,0,ACTIVE,2249229,Novak Djokovic,1.66,23456,1.66,23456,1.66,23456,1.66,23456,1.66,23456,1.66,23456,0,1.6,0,0,0,0,
1321370837646,0,ACTIVE,2251410,Rafael Nadal,1.66,23456,1.66,23456,1.66,23456,1.66,23456,1.66,23456,1.66,23456,0,1.6,0,0,0,0,
1321370838646,0,ACTIVE,2249229,Novak Djokovic,1.66,23456,1.66,23456,1.66,23456,1.66,23456,1.66,23456,1.66,23456,0,1.6,0,0,0,0,
1321370839646,0,ACTIVE,2251410,Rafael Nadal,1.66,23456,1.66,23456,1.66,23456,1.66,23456,1.66,23456,1.66,23456,0,1.6,0,0,0,0,
1321370840646,0,ACTIVE,2249229,Novak Djokovic,1.66,23456,1.66,23456,1.66,23456,1.66,23456,1.66,23456,1.66,23456,0,1.6,0,0,0,0,
1321370841646,0,ACTIVE,2251410,Rafael Nadal,1.66,23456,1.66,23456,1.66,23456,1.66,23456,1.66,23456,1.66,23456,0,1.6,0,0,0,0,
1321370842646,0,ACTIVE,2249229,Novak Djokovic,1.66,23456,1.66,23456,1.66,23456,1.66,23456,1.66,23456,1.66,23456,0,1.6,0,0,0,0,
1321370843646,0,ACTIVE,2251410,Rafael Nadal,1.66,23456,1.66,23456,1.66,23456,1.66,23456,1.66,23456,1.66,23456,0,1.6,0,0,0,0,
1321370844646,0,ACTIVE,2249229,Novak Djokovic,1.66,23456,1.66,23456,1.66,23456,1.66,23456,1.66,23456,1.66,23456,0,1.6,0,0,0,0,
1321370845646,0,ACTIVE,2251410,Rafael Nadal,1.66,23456,1.66,23456,1.66,23456,1.66,23456,1.66,23456,1.66,23456,0,1.6,0,0,0,0,
1321370846646,0,ACTIVE,2249229,Novak Djokovic,1.66,23456,1.66,23456,1.66,23456,1.66,23456,1.66,23456,1.66,23456,0,1.6,0,0,0,0,
1321370847646,0,ACTIVE,2251410,Rafael Nadal,1.66,23456,1.66,23456,1.66,23456,1.66,23456,1.66,23456,1.66,23456,0,1.6,0,0,0,0,
1321370848646,0,ACTIVE,2249229,Novak Djokovic,1.66,23456,1.66,23456,1.66,23456,1.66,23456,1.66,23456,1.66,23456,0,1.6,0,0,0,0,
1321370849646,0,ACTIVE,2251410,Rafael Nadal,1.66,23456,1.66,23456,1.66,23456,1.66,23456,1.66,23456,1.66,23456,0,1.6,0,0,0,0,
1321370850646,0,ACTIVE,2249229,Novak Djokovic,1.66,23456,1.66,23456,1.66,23456,1.66,23456,1.66,23456,1.66,23456,0,1.6,0,0,0,0,
1321370851646,0,ACTIVE,2251410,Rafael Nadal,1.66,23456,1.66,23456,1.66,23456,1.66,23456,1.66,23456,1.66,23456,0,1.6,0,0,0,0,
1321370852646,0,ACTIVE,2249229,Novak Djokovic,1.66,23456,1.66,23456,1.66,23456,1.66,23456,1.66,23456,1.66,23456,0,1.6,0,0,0,0,
1321370853646,0,ACTIVE,2251410,Rafael Nadal,1.66,23456,1.66,23456,1.66,23456,1.66,23456,1.66,23456,1.66,23456,0,1.6,0,0,0,0,
1321370854646,0,ACTIVE,2249229,Novak Djokovic,1.66,23456,1.66,23456,1.66,23456,1.66,23456,1.66,23456,1.66,23456,0,1.6,0,0,0,0,
1321370855646,0,ACTIVE,2251410,Rafael Nadal,1.66,23456,1.66,23456,1.66,23456,1.66,23456,1.66,23456,1.66,23456,0,1.6,0,0,0,0,
1321370856646,0,ACTIVE,2249229,Novak Djokovic,1.66,23456,1.66,23456,1.66,23456,1.66,23456,1.66,23456,1.66,23456,0,1.6,0,0,0,0,
1321370857646,0,ACTIVE,2251410,Rafael Nadal,1.66,23456,1.66,23456,1.66,23456,1.66,23456,1.66,23456,1.66,23456,0,1.6,0,0,0,0,
1321370858646,0,ACTIVE,2249229,Novak Djokovic,1.66,23456,1.66,23456,1.66,23456,1.66,23456,1.66,23456,1.66,23456,0,1.6,0,0,0,0,
1321370859646,0,ACTIVE,2251410,Rafael Nadal,1.66,23456,1.66,23456,1.66,23456,1.66,23456,1.66,23456,1.66,23456,0,1.6,0,0,0,0,
1321370860646,0,ACTIVE,2249229,Novak Djokovic,1.66,23456,1.66,23456,1.66,23456,1.66,23456,1.66,23456,1.66,23456,0,1.6,0,0,0,0,
1321370861646,0,ACTIVE,2251410,Rafael Nadal,1.66,23456,1.66,23456,1.66,23456,1.66,23456,1.66,23456,1.66,23456,0,1.6,0,0,0,0,
1321370862646,0,ACTIVE,2249229,Novak Djokovic,1.66,23456,1.66,23456,1.66,23456,1.66,23456,1.66,23456,1.66,23456,0,1.6,0,0,0,0,
1321370863646,0,ACTIVE,2251410,Rafael Nadal,1.66,23456,1.66,23456,1.66,23456,1.66,23456,1.66,23456,1.66,23456,0,1.6,0,0,0,0,
1321370864646,0,ACTIVE,2249229,Novak Djokovic,1.66,23456,1.66,23456,1.66,23456,1.66,23456,1.66,23456,1.66,23456,0,1.6,0,0,0,0,
1321370865646,0,ACTIVE,2251410,Rafael Nadal,1.66,23456,1.66,23456,1.66,23456,1.66,23456,1.66,23456,1.66,23456,0,1.6,0,0,0,0,
1321370866646,0,ACTIVE,2249229,Novak Djokovic,1.66,23456,1.66,23456,1.66,23456,1.66,23456,1.66,23456,1.66,23456,0,1.6,0,0,0,0,
1321370867646,0,ACTIVE,2251410,Rafael Nadal,1.66,23456,1.66,23456,1.66,23456,1.66,23456,1.66,23456,1.66,23456,0,1.6,0,0,0,0,
1321370868646,0,ACTIVE,2249229,Novak Djokovic,1.66,23456,1.66,23456,1.66,23456,1.66,23456,1.66,23456,1.66,23456,0,1.6,0,0,0,0,
1321370869646,0,ACTIVE,2251410,Rafael Nadal,1.66,23456,1.66,23456,1.66,23456,1.66,23456,1.66,23456,1.66,23456,0,1.6,0,0,0,0,
1321370870646,0,ACTIVE,2249229,Novak Djokovic,1.66,23456,1.66,23456,1.66,23456,1.66,23456,1.66,23456,1.66,23456,0,1.6,0,0,0,0,
1321370871646,0,ACTIVE,2251410,Rafael Nadal,1.66,23456,1.66,23456,1.66,23456,1.66,23456,1.66,23456,1.66,23456,0,1.6,0,0,0,0,
1321370872646,0,ACTIVE,2249229,Novak Djokovic,1.66,23456,1.66,23456,1.66,23456,1.66,23456,1.66,23456,1.66,23456,0,1.6,0,0,0,0,
1321370873646,0,ACTIVE,2251410,Rafael Nadal,1.66,23456,1.66,23456,1.66,23456,1.66,23456,1.66,23456,1.66,23456,0,1.6,0,0,0,0,
1321370874646,0,ACTIVE,2249229,Novak Djokovic,1.66,23456,1.66,23456,1.66,23456,1.66,23456,1.66,23456,1.66,23456,0,1.6,0,0,0,0,
1321370875646,0,ACTIVE,2251410,Rafael Nadal,1.66,23456,1.66,23456,1.66,23456,1.66,23456,1.66,23456,1.66,23456,0,1.6,0,0,0,0,
1321370876646,0,ACTIVE,2249229,Novak Djokovic,1.66,23456,1.66,23456,1.66,23456,1.66,23456,1.66,23456,1.66,23456,0,1.6,0,0,0,0,
1321370877646,0,ACTIVE,2251410,Rafael Nadal,1.66,23456,1.66,23456,1.66,23456,1.66,23456,1.66,23456,1.66,23456,0,1.6,0,0,0,0,
1321370878646,0,ACTIVE,2249229,Novak Djokovic,1.66,23456,1.66,23456,1.66,23456,1.66,23456,1.66,23456,1.66,23456,0,1.6,0,0,0,0,
1321370879646,0,ACTIVE,2251410,Rafael Nadal,1.66,23456,1.66,23456,1.66,23456,1.66,23456,1.66,23456,1.66,23456,0,1.6,0,0,0,0,
1321370880646,0,ACTIVE,2249229,Novak Djokovic,1.66,23456,1.66,23456,1.66,23456,1.66,23456,1.66,23456,1.66,23456,0,1.6,0,0,0,0,
1321370881646,0,ACTIVE,2251410,Rafael Nadal,1.66,23456,1.66,23456,1.66,23456,1.66,23456,1.66,23456,1.66,23456,0,1.6,0,0,0,0,
1321370882646,0,ACTIVE,2249229,Novak Djokovic,1.66,23456,1.66,23456,1.66,23456,1.66,23456,1.66,23456,1.66,23456,0,1.6,0,0,0,0,
1321370883646,0,ACTIVE,2251410,Rafael Nadal,1.66,23456,1.66,23456,1.66,23456,1.66,23456,1.66,23456,1.66,23456,0,1.6,0,0,0,0,
1321370884646,0,ACTIVE,2249229,Novak Djokovic,1.66,23456,1.66,23456,1.66,23456,1.66,23456,1.66,23456,1.66,23456,0,1.6,0,0,0,0,
1321370885646,0,ACTIVE,2251410,Rafael Nadal,1.66,23456,1.66,23456,1.66,23456,1.66,23456,1.66,23456,1.66,23456,0,1.6,0,0,0,0,
1321370886646,0,ACTIVE,2249229,Novak Djokovic,1.66,23456,1.66,23456,1.66,23456,1.66,23456,1.66,23456,1.66,23456,0,1.6,0,0,0,0,
1321370887646,0,ACTIVE,2251410,Rafael Nadal,1.66,23456,1.66,23456,1.66,23456,1.66,23456,1.66,23456,1.66,23456,0,1.6,0,0,0,0,
1321370888646,0,ACTIVE,2249229,Novak Djokovic,1.66,23456,1.66,23456,1.66,23456,1.66,23456,1.66,23456,1.66,23456,0,1.6,0,0,0,0,
1321370889646,0,ACTIVE,2251410,Rafael Nadal,1.66,23456,1.66,23456,1.66,23456,1.66,23456,1.66,23456,1.66,23456,0,1.6,0,0,0,0,
1321370890646,0,ACTIVE,2249229,Novak Djokovic,1.66,23456,1.66,23456,1.66,23456,1.66,23456,1.66,23456,1.66,23456,0,1.6,0,0,0,0,
1321370891646,0,ACTIVE,2251410,Rafael Nadal,1.66,23456,1.66,23456,1.66,23456,1.66,23456,1.66,23456,1.66,23456,0,1.6,0,0,0,0,
1321370892646,0,ACTIVE,2249229,Novak Djokovic,1.66,23456,1.66,23456,1.66,23456,1.66,23456,1.66,23456,1.66,23456,0,1.6,0,0,0,0,
1321370893646,0,ACTIVE,2251410,Rafael Nadal,1.66,23456,1.66,23456,1.66,23456,1.66,23456,1.66,23456,1.66,23456,0,1.6,0,0,0,0,
1321370894646,0,ACTIVE,2249229,Novak Djokovic,1.66,23456,1.66,23456,1.66,23456,1.66,23456,1.66,23456,1.66,23456,0,1.6,0,0,0,0,
1321370895646,0,ACTIVE,2251410,Rafael Nadal,1.66,23456,1.66,23456,1.66,23456,1.66,23456,1.66,23456,1.66,23456,0,1.6,0,0,0,0,
1321370896646,0,ACTIVE,2249229,Novak Djokovic,1.66,23456,1.66,23456,1.66,23456,1.66,23456,1.66,23456,1.66,23456,0,1.6,0,0,0,0,
1321370897646,0,ACTIVE,2251410,Rafael Nadal,1.66,23456,1.66,23456,1.66,23456,1.66,23456,1.66,23456,1.66,23456,0,1.6,0,0,0,0,
1321370898646,0,ACTIVE,2249229,Novak Djokovic,1.66,23456,1.66,23456,1.66,23456,1.66,23456,1.66,23456,1.66,23456,0,1.6,0,0,0,0,
1321370899646,0,ACTIVE,2251410,Rafael Nadal,1.66,23456,1.66,23456,1.66,23456,1.66,23456,1.66,23456,1.66,23456,0,1.6,0,0,0,0,
1321370900646,0,ACTIVE,2249229,Novak Djokovic,1.66,23456,1.66,23456,1.66,23456,1.66,23456,1.66,23456,1.66,23456,0,1.6,0,0,0,0,
1321370901646,0,ACTIVE,2251410,Rafael Nadal,1.66,23456,1.66,23456,1.66,23456,1.66,23456,1.66,23456,1.66,23456,0,1.6,0,0,0,0,
1321370902646,0,ACTIVE,2249229,Novak Djokovic,1.66,23456,1.66,23456,1.66,23456,1.66,23456,1.66,23456,1.66,23456,0,1.6,0,0,0,0,
1321370903646,0,ACTIVE,2251410,Rafael Nadal,1.66,23456,1.66,23456,1.66,23456,1.66,23456,1.66,23456,1.66,23456,0,1.6,0,0,0,0,
1321370904646,0,ACTIVE,2249229,Novak Djokovic,1.66,23456,1.66,23456,1.66,23456,1.66,23456,1.66,23456,1.66,23456,0,1.6,0,0,0,0,
1321370905646,0,ACTIVE,2251410,Rafael Nadal,1.66,23456,1.66,23456,1.66,23456,1.66,23456,1.66,23456,1.66,23456,0,1.6,0,0,0,0,
1321370906646,0,ACTIVE,2249229,Novak Djokovic,1.66,23456,1.66,23456,1.66,23456,1.66,23456,1.66,23456,1.66,23456,0,1.6,0,0,0,0,
1321370907646,0,ACTIVE,2251410,Rafael Nadal,1.66,23456,1.66,23456,1.66,23456,1.66,23456,1.66,23456,1.66,23456,0,1.6,0,0,0,0,
1321370908646,0,ACTIVE,2249229,Novak Djokovic,1.66,23456,1.66,23456,1.66,23456,1.66,23456,1.66,23456,1.66,23456,0,1.6,0,0,0,0,
1321370909646,0,ACTIVE,2251410,Rafael Nadal,1.66,23456,1.66,23456,1.66,23456,1.66,23456,1.66,23456,1.66,23456,0,1.6,0,0,0,0,
1321370910646,0,ACTIVE,2249229,Novak Djokovic,1.66,23456,1.66,23456,1.66,23456,1.66,23456,1.66,23456,1.66,23456,0,1.6,0,0,0,0,
1321370911646,0,ACTIVE,2251410,Rafael Nadal,1.66,23456,1.66,23456,1.66,23456,1.66,23456,1.66,23456,1.66,23456,0,1.6,0,0,0,0,
1321370912646,0,ACTIVE,2249229,Novak Djokovic,1.66,23456,1.66,23456,1.66,23456,1.66,23456,1.66,23456,1.66,23456,0,1.6,0,0,0,0,
1321370913646,0,ACTIVE,2251410,Rafael Nadal,1.66,23456,1.66,23456,1.66,23456,1.66,23456,1.66,23456,1.66,23456,0,1.6,0,0,0,0,
1321370914646,0,ACTIVE,2249229,Novak Djokovic,1.66,23456,1.66,23456,1.66,23456,1.66,23456,1.66,23456,1.66,23456,0,1.6,0,0,0,0,
1321370915646,0,ACTIVE,2251410,Rafael Nadal,1.66,23456,1.66,23456,1.66,23456,1.66,23456,1.66,23456,1.66,23456,0,1.6,0,0,0,0,
1321370916646,0,ACTIVE,2249229,Novak Djokovic,1.66,23456,1.66,23456,1.66,23456,1.66,23456,1.66,23456,1.66,23456,0,1.6,0,0,0,0,
1321370917646,0,ACTIVE,2251410,Rafael Nadal,1.66,23456,1.66,23456,1.66,23456,1.66,23456,1.66,23456,1.66,23456,0,1.6,0,0,0,0,
1321370918646,0,ACTIVE,2249229,Novak Djokovic,1.66,23456,1.66,23456,1.66,23456,1.66,23456,1.66,23456,1.66,23456,0,1.6,0,0,0,0,
1321370919646,0,ACTIVE,2251410,Rafael Nadal,1.66,23456,1.66,23456,1.66,23456,1.66,23456,1.66,23456,1.66,23456,0,1.6,0,0,0,0,
1321370920646,0,ACTIVE,2249229,Novak Djokovic,1.66,23456,1.66,23456,1.66,23456,1.66,23456,1.66,23456,1.66,23456,0,1.6,0,0,0,0,
1321370921646,0,ACTIVE,2251410,Rafael Nadal,1.66,23456,1.66,23456,1.66,23456,1.66,23456,1.66,23456,1.66,23456,0,1.6,0,0,0,0,
1321370922646,0,ACTIVE,2249229,Novak Djokovic,1.66,23456,1.66,23456,1.66,23456,1.66,23456,1.66,23456,1.66,23456,0,1.6,0,0,0,0,
1321370923646,0,ACTIVE,2251410,Rafael Nadal,1.66,23456,1.66,23456,1.66,23456,1.66,23456,1.66,23456,1.66,23456,0,1.6,0,0,0,0,
1321370924646,0,ACTIVE,2249229,Novak Djokovic,1.66,23456,1.66,23456,1.66,23456,1.66,23456,1.66,23456,1.66,23456,0,1.6,0,0,0,0,
1321370925646,0,ACTIVE,2251410,Rafael Nadal,1.66,23456,1.66,23456,1.66,23456,1.66,23456,1.66,23456,1.66,23456,0,1.6,0,0,0,0,
1321370926646,0,ACTIVE,2249229,Novak Djokovic,1.66,23456,1.66,23456,1.66,23456,1.66,23456,1.66,23456,1.66,23456,0,1.6,0,0,0,0,
1321370927646,0,ACTIVE,2251410,Rafael Nadal,1.66,23456,1.66,23456,1.66,23456,1.66,23456,1.66,23456,1.66,23456,0,1.6,0,0,0,0,
1321370928646,0,ACTIVE,2249229,Novak Djokovic,1.66,23456,1.66,23456,1.66,23456,1.66,23456,1.66,23456,1.66,23456,0,1.6,0,0,0,0,
1321370929646,0,ACTIVE,2251410,Rafael Nadal,1.66,23456,1.66,23456,1.66,23456,1.66,23456,1.66,23456,1.66,23456,0,1.6,0,0,0,0,
1321370930646,0,ACTIVE,2249229,Novak Djokovic,1.66,23456,1.66,23456,1.66,23456,1.66,23456,1.66,23456,1.66,23456,0,1.6,0,0,0,0,
1321370931646,0,ACTIVE,2251410,Rafael Nadal,1.66,23456,1.66,23456,1.66,23456,1.66,23456,1.66,23456,1.66,23456,0,1.6,0,0,0,0,
1321370932646,0,ACTIVE,2249229,Novak Djokovic,1.66,23456,1.66,23456,1.66,23456,1.66,23456,1.66,23456,1.66,23456,0,1.6,0,0,0,0,
1321370933646,0,ACTIVE,2251410,Rafael Nadal,1.66,23456,1.66,23456,1.66,23456,1.66,23456,1.66,23456,1.66,23456,0,1.6,0,0,0,0,
1321370934646,0,ACTIVE,2249229,Novak Djokovic,1.66,23456,1.66,23456,1.66,23456,1.66,23456,1.66,23456,1.66,23456,0,1.6,0,0,0,0,
1321370935646,0,ACTIVE,2251410,Rafael Nadal,1.66,23456,1.66,23456,1.66,23456,1.66,23456,1.66,23456,1.66,23456,0,1.6,0,0,0,0,
1321370936646,0,ACTIVE,2249229,Novak Djokovic,1.66,23456,1.66,23456,1.66,23456,1.66,23456,1.66,23456,1.66,23456,0,1.6,0,0,0,0,
1321370937646,0,ACTIVE,2251410,Rafael Nadal,1.66,23456,1.66,23456,1.66,23456,1.66,23456,1.66,23456,1.66,23456,0,1.6,0,0,0,0,
1321370938646,0,ACTIVE,2249229,Novak Djokovic,1.66,23456,1.66,23456,1.66,23456,1.66,23456,1.66,23456,1.66,23456,0,1.6,0,0,0,0,
1321370939646,0,ACTIVE,2251410,Rafael Nadal,1.66,23456,1.66,23456,1.66,23456,1.66,23456,1.66,23456,1.66,23456,0,1.6,0,0,0,0,
1321370940646,0,ACTIVE,2249229,Novak Djokovic,1.66,23456,1.66,23456,1.66,23456,1.66,23456,1.66,23456,1.66,23456,0,1.6,0,0,0,0,
1321370941646,0,ACTIVE,2251410,Rafael Nadal,1.66,23456,1.66,23456,1.66,23456,1.66,23456,1.66,23456,1.66,23456,0,1.6,0,0,0,0,
1321370942646,0,ACTIVE,2249229,Novak Djokovic,1.66,23456,1.66,23456,1.66,23456,1.66,23456,1.66,23456,1.66,23456,0,1.6,0,0,0,0,
1321370943646,0,ACTIVE,2251410,Rafael Nadal,1.66,23456,1.66,23456,1.66,23456,1.66,23456,1.66,23456,1.66,23456,0,1.6,0,0,0,0,
1321370944646,0,ACTIVE,2249229,Novak Djokovic,1.66,23456,1.66,23456,1.66,23456,1.66,23456,1.66,23456,1.66,23456,0,1.6,0,0,0,0,
1321370945646,0,ACTIVE,2251410,Rafael Nadal,1.66,23456,1.66,23456,1.66,23456,1.66,23456,1.66,23456,1.66,23456,0,1.6,0,0,0,0,
1321370946646,0,ACTIVE,2249229,Novak Djokovic,1.66,23456,1.66,23456,1.66,23456,1.66,23456,1.66,23456,1.66,23456,0,1.6,0,0,0,0,
1321370947646,0,ACTIVE,2251410,Rafael Nadal,1.66,23456,1.66,23456,1.66,23456,1.66,23456,1.66,23456,1.66,23456,0,1.6,0,0,0,0,
1321370948646,0,ACTIVE,2249229,Novak Djokovic,1.66,23456,1.66,23456,1.66,23456,1.66,23456,1.66,23456,1.66,23456,0,1.6,0,0,0,0,
1321370949646,0,ACTIVE,2251410,Rafael Nadal,1.66,23456,1.66,23456,1.66,23456,1.66,23456,1.66,23456,1.66,23456,0,1.6,0,0,0,0,
1321370950646,0,ACTIVE,2249229,Novak Djokovic,1.66,23456,1.66,23456,1.66,23456,1.66,23456,1.66,23456,1.66,23456,0,1.6,0,0,0,0,
1321370951646,0,ACTIVE,2251410,Rafael Nadal,1.66,23456,1.66,23456,1.66,23456,1.66,23456,1.66,23456,1.66,23456,0,1.6,0,0,0,0,
1321370952646,0,ACTIVE,2249229,Novak Djokovic,1.66,23456,1.66,23456,1.66,23456,1.66,23456,1.66,23456,1.66,23456,0,1.6,0,0,0,0,
1321370953646,0,ACTIVE,2251410,Rafael Nadal,1.66,23456,1.66,23456,1.66,23456,1.66,23456,1.66,23456,1.66,23456,0,1.6,0,0,0,0,
1321370954646,0,ACTIVE,2249229,Novak Djokovic,1.66,23456,1.66,23456,1.66,23456,1.66,23456,1.66,23456,1.66,23456,0,1.6,0,0,0,0,
1321370955646,0,ACTIVE,2251410,Rafael Nadal,1.66,23456,1.66,23456,1.66,23456,1.66,23456,1.66,23456,1.66,23456,0,1.6,0,0,0,0,
1321370956646,0,ACTIVE,2249229,Novak Djokovic,1.66,23456,1.66,23456,1.66,23456,1.66,23456,1.66,23456,1.66,23456,0,1.6,0,0,0,0,
1321370957646,0,ACTIVE,2251410,Rafael Nadal,1.66,23456,1.66,23456,1.66,23456,1.66,23456,1.66,23456,1.66,23456,0,1.6,0,0,0,0,
1321370958646,0,ACTIVE,2249229,Novak Djokovic,1.66,23456,1.66,23456,1.66,23456,1.66,23456,1.66,23456,1.66,23456,0,1.6,0,0,0,0,
1321370959646,0,ACTIVE,2251410,Rafael Nadal,1.66,23456,1.66,23456,1.66,23456,1.66,23456,1.66,23456,1.66,23456,0,1.6,0,0,0,0,
1321370960646,0,ACTIVE,2249229,Novak Djokovic,1.66,23456,1.66,23456,1.66,23456,1.66,23456,1.66,23456,1.66,23456,0,1.6,0,0,0,0,
1321370961646,0,ACTIVE,2251410,Rafael Nadal,1.66,23456,1.66,23456,1.66,23456,1.66,23456,1.66,23456,1.66,23456,0,1.6,0,0,0,0,
1321370962646,0,ACTIVE,2249229,Novak Djokovic,1.66,23456,1.66,23456,1.66,23456,1.66,23456,1.66,23456,1.66,23456,0,1.6,0,0,0,0,
1321370963646,0,ACTIVE,2251410,Rafael Nadal,1.66,23456,1.66,23456,1.66,23456,1.66,23456,1.66,23456,1.66,23456,0,1.6,0,0,0,0,
1321370964646,0,ACTIVE,2249229,Novak Djokovic,1.66,23456,1.66,23456,1.66,23456,1.66,23456,1.66,23456,1.66,23456,0,1.6,0,0,0,0,
1321370965646,0,ACTIVE,2251410,Rafael Nadal,1.66,23456,1.66,23456,1.66,23456,1.66,23456,1.66,23456,1.66,23456,0,1.6,0,0,0,0,
1321370966646,0,ACTIVE,2249229,Novak Djokovic,1.66,23456,1.66,23456,1.66,23456,1.66,23456,1.66,23456,1.66,23456,0,1.6,0,0,0,0,
1321370967646,0,ACTIVE,2251410,Rafael Nadal,1.66,23456,1.66,23456,1.66,23456,1.66,23456,1.66,23456,1.66,23456,0,1.6,0,0,0,0,
1321370968646,0,ACTIVE,2249229,Novak Djokovic,1.66,23456,1.66,23456,1.66,23456,1.66,23456,1.66,23456,1.66,23456,0,1.6,0,0,0,0,
1321370969646,0,ACTIVE,2251410,Rafael Nadal,1.66,23456,1.66,23456,1.66,23456,1.66,23456,1.66,23456,1.66,23456,0,1.6,0,0,0,0,
1321370970646,0,ACTIVE,2249229,Novak Djokovic,1.66,23456,1.66,23456,1.66,23456,1.66,23456,1.66,23456,1.66,23456,0,1.6,0,0,0,0,
1321370971646,0,ACTIVE,2251410,Rafael Nadal,1.66,23456,1.66,23456,1.66,23456,1.66,23456,1.66,23456,1.66,23456,0,1.6,0,0,0,0,
1321370972646,0,ACTIVE,2249229,Novak Djokovic,1.66,23456,1.66,23456,1.66,23456,1.66,23456,1.66,23456,1.66,23456,0,1.6,0,0,0,0,
1321370973646,0,ACTIVE,2251410,Rafael Nadal,1.66,23456,1.66,23456,1.66,23456,1.66,23456,1.66,23456,1.66,23456,0,1.6,0,0,0,0,
1321370974646,0,ACTIVE,2249229,Novak Djokovic,1.66,23456,1.66,23456,1.66,23456,1.66,23456,1.66,23456,1.66,23456,0,1.6,0,0,0,0,
1321370975646,0,ACTIVE,2251410,Rafael Nadal,1.66,23456,1.66,23456,1.66,23456,1.66,23456,1.66,23456,1.66,23456,0,1.6,0,0,0,0,
1321370976646,0,ACTIVE,2249229,Novak Djokovic,1.66,23456,1.66,23456,1.66,23456,1.66,23456,1.66,23456,1.66,23456,0,1.6,0,0,0,0,
1321370977646,0,ACTIVE,2251410,Rafael Nadal,1.66,23456,1.66,23456,1.66,23456,1.66,23456,1.66,23456,1.66,23456,0,1.6,0,0,0,0,
1321370978646,0,ACTIVE,2249229,Novak Djokovic,1.66,23456,1.66,23456,1.66,23456,1.66,23456,1.66,23456,1.66,23456,0,1.6,0,0,0,0,
1321370979646,0,ACTIVE,2251410,Rafael Nadal,1.66,23456,1.66,23456,1.66,23456,1.66,23456,1.66,23456,1.66,23456,0,1.6,0,0,0,0,
1321370980646,0,ACTIVE,2249229,Novak Djokovic,1.66,23456,1.66,23456,1.66,23456,1.66,23456,1.66,23456,1.66,23456,0,1.6,0,0,0,0,
1321370981646,0,ACTIVE,2251410,Rafael Nadal,1.66,23456,1.66,23456,1.66,23456,1.66,23456,1.66,23456,1.66,23456,0,1.6,0,0,0,0,
1321370982646,0,ACTIVE,2249229,Novak Djokovic,1.66,23456,1.66,23456,1.66,23456,1.66,23456,1.66,23456,1.66,23456,0,1.6,0,0,0,0,
1321370983646,0,ACTIVE,2251410,Rafael Nadal,1.66,23456,1.66,23456,1.66,23456,1.66,23456,1.66,23456,1.66,23456,0,1.6,0,0,0,0,
1321370984646,0,ACTIVE,2249229,Novak Djokovic,1.66,23456,1.66,23456,1.66,23456,1.66,23456,1.66,23456,1.66,23456,0,1.6,0,0,0,0,
1321370985646,0,ACTIVE,2251410,Rafael Nadal,1.66,23456,1.66,23456,1.66,23456,1.66,23456,1.66,23456,1.66,23456,0,1.6,0,0,0,0,
1321370986646,0,ACTIVE,2249229,Novak Djokovic,1.66,23456,1.66,23456,1.66,23456,1.66,23456,1.66,23456,1.66,23456,0,1.6,0,0,0,0,
1321370987646,0,ACTIVE,2251410,Rafael Nadal,1.66,23456,1.66,23456,1.66,23456,1.66,23456,1.66,23456,1.66,23456,0,1.6,0,0,0,0,
1321370988646,0,ACTIVE,2249229,Novak Djokovic,1.66,23456,1.66,23456,1.66,23456,1.66,23456,1.66,23456,1.66,23456,0,1.6,0,0,0,0,
1321370989646,0,ACTIVE,2251410,Rafael Nadal,1.66,23456,1.66,23456,1.66,23456,1.66,23456,1.66,23456,1.66,23456,0,1.6,0,0,0,0,
1321370990646,0,ACTIVE,2249229,Novak Djokovic,1.66,23456,1.66,23456,1.66,23456,1.66,23456,1.66,23456,1.66,23456,0,1.6,0,0,0,0,
1321370991646,0,ACTIVE,2251410,Rafael Nadal,1.66,23456,1.66,23456,1.66,23456,1.66,23456,1.66,23456,1.66,23456,0,1.6,0,0,0,0,
1321370992646,0,ACTIVE,2249229,Novak Djokovic,1.66,23456,1.66,23456,1.66,23456,1.66,23456,1.66,23456,1.66,23456,0,1.6,0,0,0,0,
1321370993646,0,ACTIVE,2251410,Rafael Nadal,1.66,23456,1.66,23456,1.66,23456,1.66,23456,1.66,23456,1.66,23456,0,1.6,0,0,0,0,
1321370994646,0,ACTIVE,2249229,Novak Djokovic,1.66,23456,1.66,23456,1.66,23456,1.66,23456,1.66,23456,1.66,23456,0,1.6,0,0,0,0,
1321370995646,0,ACTIVE,2251410,Rafael Nadal,1.66,23456,1.66,23456,1.66,23456,1.66,23456,1.66,23456,1.66,23456,0,1.6,0,0,0,0,
1321370996646,0,ACTIVE,2249229,Novak Djokovic,1.66,23456,1.66,23456,1.66,23456,1.66,23456,1.66,23456,1.66,23456,0,1.6,0,0,0,0,
1321370997646,0,ACTIVE,2251410,Rafael Nadal,1.66,23456,1.66,23456,1.66,23456,1.66,23456,1.66,23456,1.66,23456,0,1.6,0,0,0,0,
1321370998646,0,ACTIVE,2249229,Novak Djokovic,1.66,23456,1.66,23456,1.66,23456,1.66,23456,1.66,23456,1.66,23456,0,1.6,0,0,0,0,
1321370999646,0,ACTIVE,2251410,Rafael Nadal,1.66,23456,1.66,23456,1.66,23456,1.66,23456,1.66,23456,1.66,23456,0,1.6,0,0,0,0,
1321371000646,0,ACTIVE,2249229,Novak Djokovic,1.66,23456,1.66,23456,1.66,23456,1.66,23456,1.66,23456,1.66,23456,0,1.6,0,0,0,0,
1321371001646,0,ACTIVE,2251410,Rafael Nadal,1.66,23456,1.66,23456,1.66,23456,1.66,23456,1.66,23456,1.66,23456,0,1.6,0,0,0,0,
1321371002646,0,ACTIVE,2249229,Novak Djokovic,1.66,23456,1.66,23456,1.66,23456,1.66,23456,1.66,23456,1.66,23456,0,1.6,0,0,0,0,
1321371003646,0,ACTIVE,2251410,Rafael Nadal,1.66,23456,1.66,23456,1.66,23456,1.66,23456,1.66,23456,1.66,23456,0,1.6,0,0,0,0,
1321371004646,0,ACTIVE,2249229,Novak Djokovic,1.66,23456,1.66,23456,1.66,23456,1.66,23456,1.66,23456,1.66,23456,0,1.6,0,0,0,0,
1321371005646,0,ACTIVE,2251410,Rafael Nadal,1.66,23456,1.66,23456,1.66,23456,1.66,23456,1.66,23456,1.66,23456,0,1.6,0,0,0,0,
1321371006646,0,ACTIVE,2249229,Novak Djokovic,1.66,23456,1.66,23456,1.66,23456,1.66,23456,1.66,23456,1.66,23456,0,1.6,0,0,0,0,
1321371007646,0,ACTIVE,2251410,Rafael Nadal,1.66,23456,1.66,23456,1.66,23456,1.66,23456,1.66,23456,1.66,23456,0,1.6,0,0,0,0,
1321371008646,0,ACTIVE,2249229,Novak Djokovic,1.66,23456,1.66,23456,1.66,23456,1.66,23456,1.66,23456,1.66,23456,0,1.6,0,0,0,0,
1321371009646,0,ACTIVE,2251410,Rafael Nadal,1.66,23456,1.66,23456,1.66,23456,1.66,23456,1.66,23456,1.66,23456,0,1.6,0,0,0,0,
1321371010646,0,ACTIVE,2249229,Novak Djokovic,1.66,23456,1.66,23456,1.66,23456,1.66,23456,1.66,23456,1.66,23456,0,1.6,0,0,0,0,
1321371011646,0,ACTIVE,2251410,Rafael Nadal,1.66,23456,1.66,23456,1.66,23456,1.66,23456,1.66,23456,1.66,23456,0,1.6,0,0,0,0,
1321371012646,0,ACTIVE,2249229,Novak Djokovic,1.66,23456,1.66,23456,1.66,23456,1.66,23456,1.66,23456,1.66,23456,0,1.6,0,0,0,0,
1321371013646,0,ACTIVE,2251410,Rafael Nadal,1.66,23456,1.66,23456,1.66,23456,1.66,23456,1.66,23456,1.66,23456,0,1.6,0,0,0,0,
1321371014646,0,ACTIVE,2249229,Novak Djokovic,1.66,23456,1.66,23456,1.66,23456,1.66,23456,1.66,23456,1.66,23456,0,1.6,0,0,0,0,
1321371015646,0,ACTIVE,2251410,Rafael Nadal,1.66,23456,1.66,23456,1.66,23456,1.66,23456,1.66,23456,1.66,23456,0,1.6,0,0,0,0,
1321371016646,0,ACTIVE,2249229,Novak Djokovic,1.66,23456,1.66,23456,1.66,23456,1.66,23456,1.66,23456,1.66,23456,0,1.6,0,0,0,0,
1321371017646,0,ACTIVE,2251410,Rafael Nadal,1.66,23456,1.66,23456,1.66,23456,1.66,23456,1.66,23456,1.66,23456,0,1.6,0,0,0,0,
1321371018646,0,ACTIVE,2249229,Novak Djokovic,1.66,23456,1.66,23456,1.66,23456,1.66,23456,1.66,23456,1.66,23456,0,1.6,0,0,0,0,
1321371019646,0,ACTIVE,2251410,Rafael Nadal,1.66,23456,1.66,23456,1.66,23456,1.66,23456,1.66,23456,1.66,23456,0,1.6,0,0,0,0,
1321371020646,0,ACTIVE,2249229,Novak Djokovic,1.66,23456,1.66,23456,1.66,23456,1.66,23456,1.66,23456,1.66,23456,0,1.6,0,0,0,0,
1321371021646,0,ACTIVE,2251410,Rafael Nadal,1.66,23456,1.66,23456,1.66,23456,1.66,23456,1.66,23456,1.66,23456,0,1.6,0,0,0,0,
1321371022646,0,ACTIVE,2249229,Novak Djokovic,1.66,23456,1.66,23456,1.66,23456,1.66,23456,1.66,23456,1.66,23456,0,1.6,0,0,0,0,
1321371023646,0,ACTIVE,2251410,Rafael Nadal,1.66,23456,1.66,23456,1.66,23456,1.66,23456,1.66,23456,1.66,23456,0,1.6,0,0,0,0,
1321371024646,0,ACTIVE,2249229,Novak Djokovic,1.66,23456,1.66,23456,1.66,23456,1.66,23456,1.66,23456,1.66,23456,0,1.6,0,0,0,0,
1321371025646,0,ACTIVE,2251410,Rafael Nadal,1.66,23456,1.66,23456,1.66,23456,1.66,23456,1.66,23456,1.66,23456,0,1.6,0,0,0,0,
1321371026646,0,ACTIVE,2249229,Novak Djokovic,1.66,23456,1.66,23456,1.66,23456,1.66,23456,1.66,23456,1.66,23456,0,1.6,0,0,0,0,
1321371027646,0,ACTIVE,2251410,Rafael Nadal,1.66,23456,1.66,23456,1.66,23456,1.66,23456,1.66,23456,1.66,23456,0,1.6,0,0,0,0,
1321371028646,0,ACTIVE,2249229,Novak Djokovic,1.66,23456,1.66,23456,1.66,23456,1.66,23456,1.66,23456,1.66,23456,0,1.6,0,0,0,0,
1321371029646,0,ACTIVE,2251410,Rafael Nadal,1.66,23456,1.66,23456,1.66,23456,1.66,23456,1.66,23456,1.66,23456,0,1.6,0,0,0,0,
1321371030646,0,ACTIVE,2249229,Novak Djokovic,1.66,23456,1.66,23456,1.66,23456,1.66,23456,1.66,23456,1.66,23456,0,1.6,0,0,0,0,
1321371031646,0,ACTIVE,2251410,Rafael Nadal,1.66,23456,1.66,23456,1.66,23456,1.66,23456,1.66,23456,1.66,23456,0,1.6,0,0,0,0,
1321371032646,0,ACTIVE,2249229,Novak Djokovic,1.66,23456,1.66,23456,1.66,23456,1.66,23456,1.66,23456,1.66,23456,0,1.6,0,0,0,0,
1321371033646,0,ACTIVE,2251410,Rafael Nadal,1.66,23456,1.66,23456,1.66,23456,1.66,23456,1.66,23456,1.66,23456,0,1.6,0,0,0,0,
1321371034646,0,ACTIVE,2249229,Novak Djokovic,1.66,23456,1.66,23456,1.66,23456,1.66,23456,1.66,23456,1.66,23456,0,1.6,0,0,0,0,
1321371035646,0,ACTIVE,2251410,Rafael Nadal,1.66,23456,1.66,23456,1.66,23456,1.66,23456,1.66,23456,1.66,23456,0,1.6,0,0,0,0,
1321371036646,0,ACTIVE,2249229,Novak Djokovic,1.66,23456,1.66,23456,1.66,23456,1.66,23456,1.66,23456,1.66,23456,0,1.6,0,0,0,0,
1321371037646,0,ACTIVE,2251410,Rafael Nadal,1.66,23456,1.66,23456,1.66,23456,1.66,23456,1.66,23456,1.66,23456,0,1.6,0,0,0,0,
1321371038646,0,ACTIVE,2249229,Novak Djokovic,1.66,23456,1.66,23456,1.66,23456,1.66,23456,1.66,23456,1.66,23456,0,1.6,0,0,0,0,
1321371039646,0,ACTIVE,2251410,Rafael Nadal,1.66,23456,1.66,23456,1.66,23456,1.66,23456,1.66,23456,1.66,23456,0,1.6,0,0,0,0,
1321371040646,0,ACTIVE,2249229,Novak Djokovic,1.66,23456,1.66,23456,1.66,23456,1.66,23456,1.66,23456,1.66,23456,0,1.6,0,0,0,0,
1321371041646,0,ACTIVE,2251410,Rafael Nadal,1.66,23456,1.66,23456,1.66,23456,1.66,23456,1.66,23456,1.66,23456,0,1.6,0,0,0,0,
