Timestamp,Inplay delay,Market status,Selection ID,Selection name,BP1,BV1,BP2,BV2,BP3,BV3,LP1,LV1,LP2,LV2,LP3,LV3,Total matched,LPM, Set1, Set2, Set3, Points 
1322508911366,0,null,0,Roger Federer,,,0.0,0,0,0,0
1322508911366,0,null,0,Jo-Wilfried Tsonga,,,0.0,0,0,0,0
1322508912367,0,null,0,Roger Federer,,,0.0,0,0,0,0
1322508912367,0,null,0,Jo-Wilfried Tsonga,,,0.0,0,0,0,0
1322508913367,0,null,0,Roger Federer,,,0.0,0,0,0,0
1322508913367,0,null,0,Jo-Wilfried Tsonga,,,0.0,0,0,0,0
1322508914367,0,null,0,Roger Federer,,,0.0,0,0,0,0
1322508914367,0,null,0,Jo-Wilfried Tsonga,,,0.0,0,0,0,0
1322508915368,0,null,0,Roger Federer,,,0.0,0,0,0,0
1322508915368,0,null,0,Jo-Wilfried Tsonga,,,0.0,0,0,0,0
1322508916368,0,null,0,Roger Federer,,,0.0,0,0,0,0
1322508916368,0,null,0,Jo-Wilfried Tsonga,,,0.0,0,0,0,0
1322508917368,0,null,0,Roger Federer,,,0.0,0,0,0,0
1322508917368,0,null,0,Jo-Wilfried Tsonga,,,0.0,0,0,0,0
1322508918369,0,null,0,Roger Federer,,,0.0,0,0,0,0
1322508918369,0,null,0,Jo-Wilfried Tsonga,,,0.0,0,0,0,0
1322508919369,0,null,0,Roger Federer,,,0.0,0,0,0,0
1322508919369,0,null,0,Jo-Wilfried Tsonga,,,0.0,0,0,0,0
1322508920369,0,null,0,Roger Federer,,,0.0,0,0,0,0
1322508920369,0,null,0,Jo-Wilfried Tsonga,,,0.0,0,0,0,0
1322508921369,0,null,0,Roger Federer,,,0.0,0,0,0,0
1322508921370,0,null,0,Jo-Wilfried Tsonga,,,0.0,0,0,0,0
1322508922370,0,null,0,Roger Federer,,,0.0,0,0,0,0
1322508922370,0,null,0,Jo-Wilfried Tsonga,,,0.0,0,0,0,0
1322508923370,0,null,0,Roger Federer,,,0.0,0,0,0,0
1322508923370,0,null,0,Jo-Wilfried Tsonga,,,0.0,0,0,0,0
1322508924370,0,null,0,Roger Federer,,,0.0,0,0,0,0
1322508924370,0,null,0,Jo-Wilfried Tsonga,,,0.0,0,0,0,0
1322508925371,0,null,0,Roger Federer,,,0.0,0,0,0,0
1322508925371,0,null,0,Jo-Wilfried Tsonga,,,0.0,0,0,0,0
1322508926371,0,null,0,Roger Federer,,,0.0,0,0,0,0
1322508926371,0,null,0,Jo-Wilfried Tsonga,,,0.0,0,0,0,0
1322508927371,0,null,0,Roger Federer,,,0.0,0,0,0,0
1322508927371,0,null,0,Jo-Wilfried Tsonga,,,0.0,0,0,0,0
1322508928371,0,null,0,Roger Federer,,,0.0,0,0,0,0
1322508928371,0,null,0,Jo-Wilfried Tsonga,,,0.0,0,0,0,0
1322508929372,0,null,0,Roger Federer,,,0.0,0,0,0,0
1322508929372,0,null,0,Jo-Wilfried Tsonga,,,0.0,0,0,0,0
1322508930425,0,null,0,Roger Federer,,,0.0,0,0,0,0
1322508930425,0,null,0,Jo-Wilfried Tsonga,,,0.0,0,0,0,0
1322508931435,0,null,0,Roger Federer,,,0.0,0,0,0,0
1322508931435,0,null,0,Jo-Wilfried Tsonga,,,0.0,0,0,0,0
1322508932435,0,null,0,Roger Federer,,,0.0,0,0,0,0
1322508932435,0,null,0,Jo-Wilfried Tsonga,,,0.0,0,0,0,0
1322508933435,0,null,0,Roger Federer,,,0.0,0,0,0,0
1322508933435,0,null,0,Jo-Wilfried Tsonga,,,0.0,0,0,0,0
1322508934436,0,null,0,Roger Federer,,,0.0,0,0,0,0
1322508934436,0,null,0,Jo-Wilfried Tsonga,,,0.0,0,0,0,0
1322508935436,0,null,0,Roger Federer,,,0.0,0,0,0,0
1322508935436,0,null,0,Jo-Wilfried Tsonga,,,0.0,0,0,0,0
1322508936643,0,null,0,Roger Federer,,,0.0,0,0,0,0
1322508936643,0,null,0,Jo-Wilfried Tsonga,,,0.0,0,0,0,0
1322508937643,0,null,0,Roger Federer,,,0.0,0,0,0,0
1322508937643,0,null,0,Jo-Wilfried Tsonga,,,0.0,0,0,0,0
1322508938643,0,null,0,Roger Federer,,,0.0,0,0,0,0
1322508938644,0,null,0,Jo-Wilfried Tsonga,,,0.0,0,0,0,0
1322508939644,0,null,0,Roger Federer,,,0.0,0,0,0,0
1322508939644,0,null,0,Jo-Wilfried Tsonga,,,0.0,0,0,0,0
1322508940644,0,null,0,Roger Federer,,,0.0,0,0,0,0
1322508940644,0,null,0,Jo-Wilfried Tsonga,,,0.0,0,0,0,0
1322508941645,0,null,0,Roger Federer,,,0.0,0,0,0,0
1322508941645,0,null,0,Jo-Wilfried Tsonga,,,0.0,0,0,0,0
1322508942645,0,null,0,Roger Federer,,,0.0,0,0,0,0
1322508942645,0,null,0,Jo-Wilfried Tsonga,,,0.0,0,0,0,0
1322508943645,0,null,0,Roger Federer,,,0.0,0,0,0,0
1322508943646,0,null,0,Jo-Wilfried Tsonga,,,0.0,0,0,0,0
1322508944646,0,null,0,Roger Federer,,,0.0,0,0,0,0
1322508944646,0,null,0,Jo-Wilfried Tsonga,,,0.0,0,0,0,0
1322508945646,0,null,0,Roger Federer,,,0.0,0,0,0,0
1322508945646,0,null,0,Jo-Wilfried Tsonga,,,0.0,0,0,0,0
1322508946646,0,null,0,Roger Federer,,,0.0,0,0,0,0
1322508946647,0,null,0,Jo-Wilfried Tsonga,,,0.0,0,0,0,0
1322508947647,0,null,0,Roger Federer,,,0.0,0,0,0,0
1322508947647,0,null,0,Jo-Wilfried Tsonga,,,0.0,0,0,0,0
1322508948647,0,null,0,Roger Federer,,,0.0,0,0,0,0
1322508948647,0,null,0,Jo-Wilfried Tsonga,,,0.0,0,0,0,0
1322508949648,0,null,0,Roger Federer,,,0.0,0,0,0,0
1322508949648,0,null,0,Jo-Wilfried Tsonga,,,0.0,0,0,0,0
1322508950648,0,null,0,Roger Federer,,,0.0,0,0,0,0
1322508950648,0,null,0,Jo-Wilfried Tsonga,,,0.0,0,0,0,0
1322508951648,0,null,0,Roger Federer,,,0.0,0,0,0,0
1322508951649,0,null,0,Jo-Wilfried Tsonga,,,0.0,0,0,0,0
1322508952649,0,null,0,Roger Federer,,,0.0,0,0,0,0
1322508952649,0,null,0,Jo-Wilfried Tsonga,,,0.0,0,0,0,0
1322508953649,0,null,0,Roger Federer,,,0.0,0,0,0,0
1322508953649,0,null,0,Jo-Wilfried Tsonga,,,0.0,0,0,0,0
1322508954650,0,null,0,Roger Federer,,,0.0,0,0,0,0
1322508954650,0,null,0,Jo-Wilfried Tsonga,,,0.0,0,0,0,0
1322508955650,0,null,0,Roger Federer,,,0.0,0,0,0,0
1322508955650,0,null,0,Jo-Wilfried Tsonga,,,0.0,0,0,0,0
1322508956650,0,null,0,Roger Federer,,,0.0,0,0,0,0
1322508956651,0,null,0,Jo-Wilfried Tsonga,,,0.0,0,0,0,0
1322508957651,0,null,0,Roger Federer,,,0.0,0,0,0,0
1322508957651,0,null,0,Jo-Wilfried Tsonga,,,0.0,0,0,0,0
1322508958651,0,null,0,Roger Federer,,,0.0,0,0,0,0
1322508958651,0,null,0,Jo-Wilfried Tsonga,,,0.0,0,0,0,0
1322508959651,0,null,0,Roger Federer,,,0.0,0,0,0,0
1322508959652,0,null,0,Jo-Wilfried Tsonga,,,0.0,0,0,0,0
1322508960652,0,null,0,Roger Federer,,,0.0,0,0,0,0
1322508960652,0,null,0,Jo-Wilfried Tsonga,,,0.0,0,0,0,0
1322508961652,0,null,0,Roger Federer,,,0.0,0,0,0,0
1322508961652,0,null,0,Jo-Wilfried Tsonga,,,0.0,0,0,0,0
1322508962653,0,null,0,Roger Federer,,,0.0,0,0,0,0
1322508962653,0,null,0,Jo-Wilfried Tsonga,,,0.0,0,0,0,0
1322508963653,0,null,0,Roger Federer,,,0.0,0,0,0,0
1322508963653,0,null,0,Jo-Wilfried Tsonga,,,0.0,0,0,0,0
1322508964654,0,null,0,Roger Federer,,,0.0,0,0,0,0
1322508964654,0,null,0,Jo-Wilfried Tsonga,,,0.0,0,0,0,0
1322508965654,0,null,0,Roger Federer,,,0.0,0,0,0,0
1322508965654,0,null,0,Jo-Wilfried Tsonga,,,0.0,0,0,0,0
1322508966654,0,null,0,Roger Federer,,,0.0,0,0,0,0
1322508966654,0,null,0,Jo-Wilfried Tsonga,,,0.0,0,0,0,0
1322508967655,0,null,0,Roger Federer,,,0.0,0,0,0,0
1322508967655,0,null,0,Jo-Wilfried Tsonga,,,0.0,0,0,0,0
1322508968655,0,null,0,Roger Federer,,,0.0,0,0,0,0
1322508968655,0,null,0,Jo-Wilfried Tsonga,,,0.0,0,0,0,0
1322508969655,0,null,0,Roger Federer,,,0.0,0,0,0,0
1322508969656,0,null,0,Jo-Wilfried Tsonga,,,0.0,0,0,0,0
1322508970656,0,null,0,Roger Federer,,,0.0,0,0,0,0
1322508970656,0,null,0,Jo-Wilfried Tsonga,,,0.0,0,0,0,0
1322508971656,0,null,0,Roger Federer,,,0.0,0,0,0,0
1322508971656,0,null,0,Jo-Wilfried Tsonga,,,0.0,0,0,0,0
1322508972657,0,null,0,Roger Federer,,,0.0,0,0,0,0
1322508972657,0,null,0,Jo-Wilfried Tsonga,,,0.0,0,0,0,0
1322508973657,0,null,0,Roger Federer,,,0.0,0,0,0,0
1322508973657,0,null,0,Jo-Wilfried Tsonga,,,0.0,0,0,0,0
1322508974658,0,null,0,Roger Federer,,,0.0,0,0,0,0
1322508974658,0,null,0,Jo-Wilfried Tsonga,,,0.0,0,0,0,0
1322508975658,0,null,0,Roger Federer,,,0.0,0,0,0,0
1322508975658,0,null,0,Jo-Wilfried Tsonga,,,0.0,0,0,0,0
1322508976658,0,null,0,Roger Federer,,,0.0,0,0,0,0
1322508976658,0,null,0,Jo-Wilfried Tsonga,,,0.0,0,0,0,0
1322508977659,0,null,0,Roger Federer,,,0.0,0,0,0,0
1322508977659,0,null,0,Jo-Wilfried Tsonga,,,0.0,0,0,0,0
1322508978659,0,null,0,Roger Federer,,,0.0,0,0,0,0
1322508978659,0,null,0,Jo-Wilfried Tsonga,,,0.0,0,0,0,0
1322508979660,0,null,0,Roger Federer,,,0.0,0,0,0,0
1322508979660,0,null,0,Jo-Wilfried Tsonga,,,0.0,0,0,0,0
1322508980660,0,null,0,Roger Federer,,,0.0,0,0,0,0
1322508980660,0,null,0,Jo-Wilfried Tsonga,,,0.0,0,0,0,0
1322508981660,0,null,0,Roger Federer,,,0.0,0,0,0,0
1322508981661,0,null,0,Jo-Wilfried Tsonga,,,0.0,0,0,0,0
1322508982661,0,null,0,Roger Federer,,,0.0,0,0,0,0
1322508982661,0,null,0,Jo-Wilfried Tsonga,,,0.0,0,0,0,0
1322508983661,0,null,0,Roger Federer,,,0.0,0,0,0,0
1322508983661,0,null,0,Jo-Wilfried Tsonga,,,0.0,0,0,0,0
1322508984662,0,null,0,Roger Federer,,,0.0,0,0,0,0
1322508984662,0,null,0,Jo-Wilfried Tsonga,,,0.0,0,0,0,0
1322508985662,0,null,0,Roger Federer,,,0.0,0,0,0,0
1322508985662,0,null,0,Jo-Wilfried Tsonga,,,0.0,0,0,0,0
1322508986662,0,null,0,Roger Federer,,,0.0,0,0,0,0
1322508986663,0,null,0,Jo-Wilfried Tsonga,,,0.0,0,0,0,0
1322508987663,0,null,0,Roger Federer,,,0.0,0,0,0,0
1322508987663,0,null,0,Jo-Wilfried Tsonga,,,0.0,0,0,0,0
1322508988663,0,null,0,Roger Federer,,,0.0,0,0,0,0
1322508988664,0,null,0,Jo-Wilfried Tsonga,,,0.0,0,0,0,0
1322508989664,0,null,0,Roger Federer,,,0.0,0,0,0,0
1322508989664,0,null,0,Jo-Wilfried Tsonga,,,0.0,0,0,0,0
1322508990664,0,null,0,Roger Federer,,,0.0,0,0,0,0
1322508990664,0,null,0,Jo-Wilfried Tsonga,,,0.0,0,0,0,0
1322508991665,0,null,0,Roger Federer,,,0.0,0,0,0,0
1322508991665,0,null,0,Jo-Wilfried Tsonga,,,0.0,0,0,0,0
1322508992665,0,null,0,Roger Federer,,,0.0,0,0,0,0
1322508992665,0,null,0,Jo-Wilfried Tsonga,,,0.0,0,0,0,0
1322508993665,0,null,0,Roger Federer,,,0.0,0,0,0,0
1322508993666,0,null,0,Jo-Wilfried Tsonga,,,0.0,0,0,0,0
1322508994666,0,null,0,Roger Federer,,,0.0,0,0,0,0
1322508994666,0,null,0,Jo-Wilfried Tsonga,,,0.0,0,0,0,0
1322508995666,0,null,0,Roger Federer,,,0.0,0,0,0,0
1322508995666,0,null,0,Jo-Wilfried Tsonga,,,0.0,0,0,0,0
1322508996667,0,null,0,Roger Federer,,,0.0,0,0,0,0
1322508996667,0,null,0,Jo-Wilfried Tsonga,,,0.0,0,0,0,0
1322508997667,0,null,0,Roger Federer,,,0.0,0,0,0,0
1322508997667,0,null,0,Jo-Wilfried Tsonga,,,0.0,0,0,0,0
1322508998667,0,null,0,Roger Federer,,,0.0,0,0,0,0
1322508998668,0,null,0,Jo-Wilfried Tsonga,,,0.0,0,0,0,0
1322508999668,0,null,0,Roger Federer,,,0.0,0,0,0,0
1322508999668,0,null,0,Jo-Wilfried Tsonga,,,0.0,0,0,0,0
1322509000668,0,null,0,Roger Federer,,,0.0,0,0,0,0
1322509000668,0,null,0,Jo-Wilfried Tsonga,,,0.0,0,0,0,0
1322509001669,0,null,0,Roger Federer,,,0.0,0,0,0,0
1322509001669,0,null,0,Jo-Wilfried Tsonga,,,0.0,0,0,0,0
1322509002669,0,null,0,Roger Federer,,,0.0,0,0,0,0
1322509002669,0,null,0,Jo-Wilfried Tsonga,,,0.0,0,0,0,0
1322509003670,0,null,0,Roger Federer,,,0.0,0,0,0,0
1322509003670,0,null,0,Jo-Wilfried Tsonga,,,0.0,0,0,0,0
1322509004670,0,null,0,Roger Federer,,,0.0,0,0,0,0
1322509004670,0,null,0,Jo-Wilfried Tsonga,,,0.0,0,0,0,0
1322509005670,0,null,0,Roger Federer,,,0.0,0,0,0,0
1322509005671,0,null,0,Jo-Wilfried Tsonga,,,0.0,0,0,0,0
1322509006671,0,null,0,Roger Federer,,,0.0,0,0,0,0
1322509006671,0,null,0,Jo-Wilfried Tsonga,,,0.0,0,0,0,0
1322509007671,0,null,0,Roger Federer,,,0.0,0,0,0,0
1322509007671,0,null,0,Jo-Wilfried Tsonga,,,0.0,0,0,0,0
1322509008672,0,null,0,Roger Federer,,,0.0,0,0,0,0
1322509008672,0,null,0,Jo-Wilfried Tsonga,,,0.0,0,0,0,0
1322509009672,0,null,0,Roger Federer,,,0.0,0,0,0,0
1322509009672,0,null,0,Jo-Wilfried Tsonga,,,0.0,0,0,0,0
1322509010672,0,null,0,Roger Federer,,,0.0,0,0,0,0
1322509010673,0,null,0,Jo-Wilfried Tsonga,,,0.0,0,0,0,0
1322509011673,0,null,0,Roger Federer,,,0.0,0,0,0,0
1322509011673,0,null,0,Jo-Wilfried Tsonga,,,0.0,0,0,0,0
1322509012673,0,null,0,Roger Federer,,,0.0,0,0,0,0
1322509012673,0,null,0,Jo-Wilfried Tsonga,,,0.0,0,0,0,0
1322509013674,0,null,0,Roger Federer,,,0.0,0,0,0,0
1322509013674,0,null,0,Jo-Wilfried Tsonga,,,0.0,0,0,0,0
1322509014674,0,null,0,Roger Federer,,,0.0,0,0,0,0
1322509014674,0,null,0,Jo-Wilfried Tsonga,,,0.0,0,0,0,0
1322509015675,0,null,0,Roger Federer,,,0.0,0,0,0,0
1322509015675,0,null,0,Jo-Wilfried Tsonga,,,0.0,0,0,0,0
1322509016675,0,null,0,Roger Federer,,,0.0,0,0,0,0
1322509016675,0,null,0,Jo-Wilfried Tsonga,,,0.0,0,0,0,0
1322509017675,0,null,0,Roger Federer,,,0.0,0,0,0,0
1322509017675,0,null,0,Jo-Wilfried Tsonga,,,0.0,0,0,0,0
1322509018676,0,null,0,Roger Federer,,,0.0,0,0,0,0
1322509018676,0,null,0,Jo-Wilfried Tsonga,,,0.0,0,0,0,0
1322509019676,0,null,0,Roger Federer,,,0.0,0,0,0,0
1322509019676,0,null,0,Jo-Wilfried Tsonga,,,0.0,0,0,0,0
1322509020676,0,null,0,Roger Federer,,,0.0,0,0,0,0
1322509020677,0,null,0,Jo-Wilfried Tsonga,,,0.0,0,0,0,0
1322509021677,0,null,0,Roger Federer,,,0.0,0,0,0,0
1322509021677,0,null,0,Jo-Wilfried Tsonga,,,0.0,0,0,0,0
1322509022677,0,null,0,Roger Federer,,,0.0,0,0,0,0
1322509022677,0,null,0,Jo-Wilfried Tsonga,,,0.0,0,0,0,0
1322509023678,0,null,0,Roger Federer,,,0.0,0,0,0,0
1322509023678,0,null,0,Jo-Wilfried Tsonga,,,0.0,0,0,0,0
1322509024678,0,null,0,Roger Federer,,,0.0,0,0,0,0
1322509024678,0,null,0,Jo-Wilfried Tsonga,,,0.0,0,0,0,0
1322509025679,0,null,0,Roger Federer,,,0.0,0,0,0,0
1322509025679,0,null,0,Jo-Wilfried Tsonga,,,0.0,0,0,0,0
1322509026679,0,null,0,Roger Federer,,,0.0,0,0,0,0
1322509026679,0,null,0,Jo-Wilfried Tsonga,,,0.0,0,0,0,0
1322509027679,0,null,0,Roger Federer,,,0.0,0,0,0,0
1322509027679,0,null,0,Jo-Wilfried Tsonga,,,0.0,0,0,0,0
1322509028680,0,null,0,Roger Federer,,,0.0,0,0,0,0
1322509028680,0,null,0,Jo-Wilfried Tsonga,,,0.0,0,0,0,0
1322509029680,0,null,0,Roger Federer,,,0.0,0,0,0,0
1322509029680,0,null,0,Jo-Wilfried Tsonga,,,0.0,0,0,0,0
1322509030681,0,null,0,Roger Federer,,,0.0,0,0,0,0
1322509030681,0,null,0,Jo-Wilfried Tsonga,,,0.0,0,0,0,0
1322509031681,0,null,0,Roger Federer,,,0.0,0,0,0,0
1322509031681,0,null,0,Jo-Wilfried Tsonga,,,0.0,0,0,0,0
1322509032681,0,null,0,Roger Federer,,,0.0,0,0,0,0
1322509032682,0,null,0,Jo-Wilfried Tsonga,,,0.0,0,0,0,0
1322509033682,0,null,0,Roger Federer,,,0.0,0,0,0,0
1322509033682,0,null,0,Jo-Wilfried Tsonga,,,0.0,0,0,0,0
1322509034682,0,null,0,Roger Federer,,,0.0,0,0,0,0
1322509034682,0,null,0,Jo-Wilfried Tsonga,,,0.0,0,0,0,0
1322509035683,0,null,0,Roger Federer,,,0.0,0,0,0,0
1322509035683,0,null,0,Jo-Wilfried Tsonga,,,0.0,0,0,0,0
1322509036683,0,null,0,Roger Federer,,,0.0,0,0,0,0
1322509036683,0,null,0,Jo-Wilfried Tsonga,,,0.0,0,0,0,0
1322509037683,0,null,0,Roger Federer,,,0.0,0,0,0,0
1322509037684,0,null,0,Jo-Wilfried Tsonga,,,0.0,0,0,0,0
1322509038684,0,null,0,Roger Federer,,,0.0,0,0,0,0
1322509038684,0,null,0,Jo-Wilfried Tsonga,,,0.0,0,0,0,0
1322509039684,0,null,0,Roger Federer,,,0.0,0,0,0,0
1322509039684,0,null,0,Jo-Wilfried Tsonga,,,0.0,0,0,0,0
1322509040685,0,null,0,Roger Federer,,,0.0,0,0,0,0
1322509040685,0,null,0,Jo-Wilfried Tsonga,,,0.0,0,0,0,0
1322509041685,0,null,0,Roger Federer,,,0.0,0,0,0,0
1322509041685,0,null,0,Jo-Wilfried Tsonga,,,0.0,0,0,0,0
1322509042685,0,null,0,Roger Federer,,,0.0,0,0,0,0
1322509042686,0,null,0,Jo-Wilfried Tsonga,,,0.0,0,0,0,0
1322509043686,0,null,0,Roger Federer,,,0.0,0,0,0,0
1322509043686,0,null,0,Jo-Wilfried Tsonga,,,0.0,0,0,0,0
1322509044686,0,null,0,Roger Federer,,,0.0,0,0,0,0
1322509044686,0,null,0,Jo-Wilfried Tsonga,,,0.0,0,0,0,0
1322509045687,0,null,0,Roger Federer,,,0.0,0,0,0,0
1322509045687,0,null,0,Jo-Wilfried Tsonga,,,0.0,0,0,0,0
1322509046687,0,null,0,Roger Federer,,,0.0,0,0,0,0
1322509046687,0,null,0,Jo-Wilfried Tsonga,,,0.0,0,0,0,0
1322509047688,0,null,0,Roger Federer,,,0.0,0,0,0,0
1322509047688,0,null,0,Jo-Wilfried Tsonga,,,0.0,0,0,0,0
1322509048688,0,null,0,Roger Federer,,,0.0,0,0,0,0
1322509048688,0,null,0,Jo-Wilfried Tsonga,,,0.0,0,0,0,0
1322509049688,0,null,0,Roger Federer,,,0.0,0,0,0,0
1322509049688,0,null,0,Jo-Wilfried Tsonga,,,0.0,0,0,0,0
1322509050689,0,null,0,Roger Federer,,,0.0,0,0,0,0
1322509050689,0,null,0,Jo-Wilfried Tsonga,,,0.0,0,0,0,0
1322509051689,0,null,0,Roger Federer,,,0.0,0,0,0,0
1322509051689,0,null,0,Jo-Wilfried Tsonga,,,0.0,0,0,0,0
1322509052690,0,null,0,Roger Federer,,,0.0,0,0,0,0
1322509052690,0,null,0,Jo-Wilfried Tsonga,,,0.0,0,0,0,0
1322509053690,0,null,0,Roger Federer,,,0.0,0,0,0,0
1322509053690,0,null,0,Jo-Wilfried Tsonga,,,0.0,0,0,0,0
1322509054691,0,null,0,Roger Federer,,,0.0,0,0,0,0
1322509054691,0,null,0,Jo-Wilfried Tsonga,,,0.0,0,0,0,0
1322509055691,0,null,0,Roger Federer,,,0.0,0,0,0,0
1322509055691,0,null,0,Jo-Wilfried Tsonga,,,0.0,0,0,0,0
1322509056691,0,null,0,Roger Federer,,,0.0,0,0,0,0
1322509056691,0,null,0,Jo-Wilfried Tsonga,,,0.0,0,0,0,0
1322509057692,0,null,0,Roger Federer,,,0.0,0,0,0,0
1322509057692,0,null,0,Jo-Wilfried Tsonga,,,0.0,0,0,0,0
1322509058692,0,null,0,Roger Federer,,,0.0,0,0,0,0
1322509058692,0,null,0,Jo-Wilfried Tsonga,,,0.0,0,0,0,0
1322509059693,0,null,0,Roger Federer,,,0.0,0,0,0,0
1322509059693,0,null,0,Jo-Wilfried Tsonga,,,0.0,0,0,0,0
1322509060693,0,null,0,Roger Federer,,,0.0,0,0,0,0
1322509060693,0,null,0,Jo-Wilfried Tsonga,,,0.0,0,0,0,0
1322509061693,0,null,0,Roger Federer,,,0.0,0,0,0,0
1322509061694,0,null,0,Jo-Wilfried Tsonga,,,0.0,0,0,0,0
1322509062694,0,null,0,Roger Federer,,,0.0,0,0,0,0
1322509062694,0,null,0,Jo-Wilfried Tsonga,,,0.0,0,0,0,0
1322509063694,0,null,0,Roger Federer,,,0.0,0,0,0,0
1322509063695,0,null,0,Jo-Wilfried Tsonga,,,0.0,0,0,0,0
1322509064695,0,null,0,Roger Federer,,,0.0,0,0,0,0
1322509064695,0,null,0,Jo-Wilfried Tsonga,,,0.0,0,0,0,0
1322509065695,0,null,0,Roger Federer,,,0.0,0,0,0,0
1322509065695,0,null,0,Jo-Wilfried Tsonga,,,0.0,0,0,0,0
1322509066696,0,null,0,Roger Federer,,,0.0,0,0,0,0
1322509066696,0,null,0,Jo-Wilfried Tsonga,,,0.0,0,0,0,0
1322509067696,0,null,0,Roger Federer,,,0.0,0,0,0,0
1322509067696,0,null,0,Jo-Wilfried Tsonga,,,0.0,0,0,0,0
1322509068696,0,null,0,Roger Federer,,,0.0,0,0,0,0
1322509068697,0,null,0,Jo-Wilfried Tsonga,,,0.0,0,0,0,0
1322509069697,0,null,0,Roger Federer,,,0.0,0,0,0,0
1322509069697,0,null,0,Jo-Wilfried Tsonga,,,0.0,0,0,0,0
1322509070697,0,null,0,Roger Federer,,,0.0,0,0,0,0
1322509070697,0,null,0,Jo-Wilfried Tsonga,,,0.0,0,0,0,0
1322509071698,0,null,0,Roger Federer,,,0.0,0,0,0,0
1322509071698,0,null,0,Jo-Wilfried Tsonga,,,0.0,0,0,0,0
1322509072698,0,null,0,Roger Federer,,,0.0,0,0,0,0
1322509072698,0,null,0,Jo-Wilfried Tsonga,,,0.0,0,0,0,0
1322509073699,0,null,0,Roger Federer,,,0.0,0,0,0,0
1322509073699,0,null,0,Jo-Wilfried Tsonga,,,0.0,0,0,0,0
1322509074699,0,null,0,Roger Federer,,,0.0,0,0,0,0
1322509074699,0,null,0,Jo-Wilfried Tsonga,,,0.0,0,0,0,0
1322509075699,0,null,0,Roger Federer,,,0.0,0,0,0,0
1322509075699,0,null,0,Jo-Wilfried Tsonga,,,0.0,0,0,0,0
1322509076700,0,null,0,Roger Federer,,,0.0,0,0,0,0
1322509076700,0,null,0,Jo-Wilfried Tsonga,,,0.0,0,0,0,0
1322509077700,0,null,0,Roger Federer,,,0.0,0,0,0,0
1322509077700,0,null,0,Jo-Wilfried Tsonga,,,0.0,0,0,0,0
1322509078701,0,null,0,Roger Federer,,,0.0,0,0,0,0
1322509078701,0,null,0,Jo-Wilfried Tsonga,,,0.0,0,0,0,0
1322509079701,0,null,0,Roger Federer,,,0.0,0,0,0,0
1322509079701,0,null,0,Jo-Wilfried Tsonga,,,0.0,0,0,0,0
1322509080701,0,null,0,Roger Federer,,,0.0,0,0,0,0
1322509080702,0,null,0,Jo-Wilfried Tsonga,,,0.0,0,0,0,0
1322509081702,0,null,0,Roger Federer,,,0.0,0,0,0,0
1322509081702,0,null,0,Jo-Wilfried Tsonga,,,0.0,0,0,0,0
1322509082702,0,null,0,Roger Federer,,,0.0,0,0,0,0
1322509082702,0,null,0,Jo-Wilfried Tsonga,,,0.0,0,0,0,0
1322509083703,0,null,0,Roger Federer,,,0.0,0,0,0,0
1322509083703,0,null,0,Jo-Wilfried Tsonga,,,0.0,0,0,0,0
1322509084703,0,null,0,Roger Federer,,,0.0,0,0,0,0
1322509084703,0,null,0,Jo-Wilfried Tsonga,,,0.0,0,0,0,0
1322509085703,0,null,0,Roger Federer,,,0.0,0,0,0,0
1322509085703,0,null,0,Jo-Wilfried Tsonga,,,0.0,0,0,0,0
1322509086704,0,null,0,Roger Federer,,,0.0,0,0,0,0
1322509086704,0,null,0,Jo-Wilfried Tsonga,,,0.0,0,0,0,0
1322509087704,0,null,0,Roger Federer,,,0.0,0,0,0,0
1322509087704,0,null,0,Jo-Wilfried Tsonga,,,0.0,0,0,0,0
1322509088705,0,null,0,Roger Federer,,,0.0,0,0,0,0
1322509088705,0,null,0,Jo-Wilfried Tsonga,,,0.0,0,0,0,0
1322509089705,0,null,0,Roger Federer,,,0.0,0,0,0,0
1322509089705,0,null,0,Jo-Wilfried Tsonga,,,0.0,0,0,0,0
1322509090705,0,null,0,Roger Federer,,,0.0,0,0,0,0
1322509090706,0,null,0,Jo-Wilfried Tsonga,,,0.0,0,0,0,0
1322509091706,0,null,0,Roger Federer,,,0.0,0,0,0,0
1322509091706,0,null,0,Jo-Wilfried Tsonga,,,0.0,0,0,0,0
1322509092706,0,null,0,Roger Federer,,,0.0,0,0,0,0
1322509092706,0,null,0,Jo-Wilfried Tsonga,,,0.0,0,0,0,0
1322509093707,0,null,0,Roger Federer,,,0.0,0,0,0,0
1322509093707,0,null,0,Jo-Wilfried Tsonga,,,0.0,0,0,0,0
1322509094707,0,null,0,Roger Federer,,,0.0,0,0,0,0
1322509094707,0,null,0,Jo-Wilfried Tsonga,,,0.0,0,0,0,0
1322509095707,0,null,0,Roger Federer,,,0.0,0,0,0,0
1322509095708,0,null,0,Jo-Wilfried Tsonga,,,0.0,0,0,0,0
1322509096708,0,null,0,Roger Federer,,,0.0,0,0,0,0
1322509096708,0,null,0,Jo-Wilfried Tsonga,,,0.0,0,0,0,0
1322509097708,0,null,0,Roger Federer,,,0.0,0,0,0,0
1322509097708,0,null,0,Jo-Wilfried Tsonga,,,0.0,0,0,0,0
1322509098709,0,null,0,Roger Federer,,,0.0,0,0,0,0
1322509098709,0,null,0,Jo-Wilfried Tsonga,,,0.0,0,0,0,0
1322509099709,0,null,0,Roger Federer,,,0.0,0,0,0,0
1322509099709,0,null,0,Jo-Wilfried Tsonga,,,0.0,0,0,0,0
1322509100709,0,null,0,Roger Federer,,,0.0,0,0,0,0
1322509100710,0,null,0,Jo-Wilfried Tsonga,,,0.0,0,0,0,0
1322509101710,0,null,0,Roger Federer,,,0.0,0,0,0,0
1322509101710,0,null,0,Jo-Wilfried Tsonga,,,0.0,0,0,0,0
1322509102710,0,null,0,Roger Federer,,,0.0,0,0,0,0
1322509102710,0,null,0,Jo-Wilfried Tsonga,,,0.0,0,0,0,0
1322509103711,0,null,0,Roger Federer,,,0.0,0,0,0,0
1322509103711,0,null,0,Jo-Wilfried Tsonga,,,0.0,0,0,0,0
1322509104711,0,null,0,Roger Federer,,,0.0,0,0,0,0
1322509104711,0,null,0,Jo-Wilfried Tsonga,,,0.0,0,0,0,0
1322509105711,0,null,0,Roger Federer,,,0.0,0,0,0,0
1322509105711,0,null,0,Jo-Wilfried Tsonga,,,0.0,0,0,0,0
1322509106712,0,null,0,Roger Federer,,,0.0,0,0,0,0
1322509106712,0,null,0,Jo-Wilfried Tsonga,,,0.0,0,0,0,0
1322509107712,0,null,0,Roger Federer,,,0.0,0,0,0,0
1322509107712,0,null,0,Jo-Wilfried Tsonga,,,0.0,0,0,0,0
1322509108712,0,null,0,Roger Federer,,,0.0,0,0,0,0
1322509108713,0,null,0,Jo-Wilfried Tsonga,,,0.0,0,0,0,0
1322509109713,0,null,0,Roger Federer,,,0.0,0,0,0,0
1322509109713,0,null,0,Jo-Wilfried Tsonga,,,0.0,0,0,0,0
1322509110713,0,null,0,Roger Federer,,,0.0,0,0,0,0
1322509110713,0,null,0,Jo-Wilfried Tsonga,,,0.0,0,0,0,0
1322509111714,0,null,0,Roger Federer,,,0.0,0,0,0,0
1322509111714,0,null,0,Jo-Wilfried Tsonga,,,0.0,0,0,0,0
1322509112714,0,null,0,Roger Federer,,,0.0,0,0,0,0
1322509112714,0,null,0,Jo-Wilfried Tsonga,,,0.0,0,0,0,0
1322509113715,0,null,0,Roger Federer,,,0.0,0,0,0,0
1322509113715,0,null,0,Jo-Wilfried Tsonga,,,0.0,0,0,0,0
1322509114715,0,null,0,Roger Federer,,,0.0,0,0,0,0
1322509114715,0,null,0,Jo-Wilfried Tsonga,,,0.0,0,0,0,0
1322509115715,0,null,0,Roger Federer,,,0.0,0,0,0,0
1322509115715,0,null,0,Jo-Wilfried Tsonga,,,0.0,0,0,0,0
1322509116716,0,null,0,Roger Federer,,,0.0,0,0,0,0
1322509116716,0,null,0,Jo-Wilfried Tsonga,,,0.0,0,0,0,0
1322509117716,0,null,0,Roger Federer,,,0.0,0,0,0,0
1322509117716,0,null,0,Jo-Wilfried Tsonga,,,0.0,0,0,0,0
1322509118716,0,null,0,Roger Federer,,,0.0,0,0,0,0
1322509118717,0,null,0,Jo-Wilfried Tsonga,,,0.0,0,0,0,0
1322509119717,0,null,0,Roger Federer,,,0.0,0,0,0,0
1322509119717,0,null,0,Jo-Wilfried Tsonga,,,0.0,0,0,0,0
1322509120717,0,null,0,Roger Federer,,,0.0,0,0,0,0
1322509120717,0,null,0,Jo-Wilfried Tsonga,,,0.0,0,0,0,0
1322509121718,0,null,0,Roger Federer,,,0.0,0,0,0,0
1322509121718,0,null,0,Jo-Wilfried Tsonga,,,0.0,0,0,0,0
1322509122718,0,null,0,Roger Federer,,,0.0,0,0,0,0
1322509122718,0,null,0,Jo-Wilfried Tsonga,,,0.0,0,0,0,0
1322509123719,0,null,0,Roger Federer,,,0.0,0,0,0,0
1322509123719,0,null,0,Jo-Wilfried Tsonga,,,0.0,0,0,0,0
1322509124719,0,null,0,Roger Federer,,,0.0,0,0,0,0
1322509124719,0,null,0,Jo-Wilfried Tsonga,,,0.0,0,0,0,0
1322509125719,0,null,0,Roger Federer,,,0.0,0,0,0,0
1322509125719,0,null,0,Jo-Wilfried Tsonga,,,0.0,0,0,0,0
1322509126720,0,null,0,Roger Federer,,,0.0,0,0,0,0
1322509126720,0,null,0,Jo-Wilfried Tsonga,,,0.0,0,0,0,0
1322509127720,0,null,0,Roger Federer,,,0.0,0,0,0,0
1322509127720,0,null,0,Jo-Wilfried Tsonga,,,0.0,0,0,0,0
1322509128720,0,null,0,Roger Federer,,,0.0,0,0,0,0
1322509128721,0,null,0,Jo-Wilfried Tsonga,,,0.0,0,0,0,0
1322509129721,0,null,0,Roger Federer,,,0.0,0,0,0,0
1322509129721,0,null,0,Jo-Wilfried Tsonga,,,0.0,0,0,0,0
1322509130721,0,null,0,Roger Federer,,,0.0,0,0,0,0
1322509130721,0,null,0,Jo-Wilfried Tsonga,,,0.0,0,0,0,0
1322509131722,0,null,0,Roger Federer,,,0.0,0,0,0,0
1322509131722,0,null,0,Jo-Wilfried Tsonga,,,0.0,0,0,0,0
1322509132722,0,null,0,Roger Federer,,,0.0,0,0,0,0
1322509132722,0,null,0,Jo-Wilfried Tsonga,,,0.0,0,0,0,0
1322509133722,0,null,0,Roger Federer,,,0.0,0,0,0,0
1322509133723,0,null,0,Jo-Wilfried Tsonga,,,0.0,0,0,0,0
1322509134723,0,null,0,Roger Federer,,,0.0,0,0,0,0
1322509134723,0,null,0,Jo-Wilfried Tsonga,,,0.0,0,0,0,0
1322509135723,0,null,0,Roger Federer,,,0.0,0,0,0,0
1322509135723,0,null,0,Jo-Wilfried Tsonga,,,0.0,0,0,0,0
1322509136724,0,null,0,Roger Federer,,,0.0,0,0,0,0
1322509136724,0,null,0,Jo-Wilfried Tsonga,,,0.0,0,0,0,0
1322509137724,0,null,0,Roger Federer,,,0.0,0,0,0,0
1322509137724,0,null,0,Jo-Wilfried Tsonga,,,0.0,0,0,0,0
1322509138724,0,null,0,Roger Federer,,,0.0,0,0,0,0
1322509138724,0,null,0,Jo-Wilfried Tsonga,,,0.0,0,0,0,0
1322509139725,0,null,0,Roger Federer,,,0.0,0,0,0,0
1322509139725,0,null,0,Jo-Wilfried Tsonga,,,0.0,0,0,0,0
1322509140725,0,null,0,Roger Federer,,,0.0,0,0,0,0
1322509140725,0,null,0,Jo-Wilfried Tsonga,,,0.0,0,0,0,0
1322509141726,0,null,0,Roger Federer,,,0.0,0,0,0,0
1322509141726,0,null,0,Jo-Wilfried Tsonga,,,0.0,0,0,0,0
1322509142726,0,null,0,Roger Federer,,,0.0,0,0,0,0
1322509142726,0,null,0,Jo-Wilfried Tsonga,,,0.0,0,0,0,0
1322509143727,0,null,0,Roger Federer,,,0.0,0,0,0,0
1322509143727,0,null,0,Jo-Wilfried Tsonga,,,0.0,0,0,0,0
1322509144727,0,null,0,Roger Federer,,,0.0,0,0,0,0
1322509144727,0,null,0,Jo-Wilfried Tsonga,,,0.0,0,0,0,0
1322509145727,0,null,0,Roger Federer,,,0.0,0,0,0,0
1322509145727,0,null,0,Jo-Wilfried Tsonga,,,0.0,0,0,0,0
1322509146728,0,null,0,Roger Federer,,,0.0,0,0,0,0
1322509146728,0,null,0,Jo-Wilfried Tsonga,,,0.0,0,0,0,0
1322509147728,0,null,0,Roger Federer,,,0.0,0,0,0,0
1322509147728,0,null,0,Jo-Wilfried Tsonga,,,0.0,0,0,0,0
1322509148729,0,null,0,Roger Federer,,,0.0,0,0,0,0
1322509148729,0,null,0,Jo-Wilfried Tsonga,,,0.0,0,0,0,0
1322509149729,0,null,0,Roger Federer,,,0.0,0,0,0,0
1322509149729,0,null,0,Jo-Wilfried Tsonga,,,0.0,0,0,0,0
1322509150729,0,null,0,Roger Federer,,,0.0,0,0,0,0
1322509150729,0,null,0,Jo-Wilfried Tsonga,,,0.0,0,0,0,0
1322509151730,0,null,0,Roger Federer,,,0.0,0,0,0,0
1322509151730,0,null,0,Jo-Wilfried Tsonga,,,0.0,0,0,0,0
1322509152730,0,null,0,Roger Federer,,,0.0,0,0,0,0
1322509152730,0,null,0,Jo-Wilfried Tsonga,,,0.0,0,0,0,0
1322509153731,0,null,0,Roger Federer,,,0.0,0,0,0,0
1322509153731,0,null,0,Jo-Wilfried Tsonga,,,0.0,0,0,0,0
1322509154731,0,null,0,Roger Federer,,,0.0,0,0,0,0
1322509154731,0,null,0,Jo-Wilfried Tsonga,,,0.0,0,0,0,0
1322509155731,0,null,0,Roger Federer,,,0.0,0,0,0,0
1322509155731,0,null,0,Jo-Wilfried Tsonga,,,0.0,0,0,0,0
1322509156732,0,null,0,Roger Federer,,,0.0,0,0,0,0
1322509156732,0,null,0,Jo-Wilfried Tsonga,,,0.0,0,0,0,0
1322509157732,0,null,0,Roger Federer,,,0.0,0,0,0,0
1322509157732,0,null,0,Jo-Wilfried Tsonga,,,0.0,0,0,0,0
1322509158732,0,null,0,Roger Federer,,,0.0,0,0,0,0
1322509158733,0,null,0,Jo-Wilfried Tsonga,,,0.0,0,0,0,0
1322509159733,0,null,0,Roger Federer,,,0.0,0,0,0,0
1322509159733,0,null,0,Jo-Wilfried Tsonga,,,0.0,0,0,0,0
1322509160733,0,null,0,Roger Federer,,,0.0,0,0,0,0
1322509160733,0,null,0,Jo-Wilfried Tsonga,,,0.0,0,0,0,0
1322509161734,0,null,0,Roger Federer,,,0.0,0,0,0,0
1322509161734,0,null,0,Jo-Wilfried Tsonga,,,0.0,0,0,0,0
1322509162734,0,null,0,Roger Federer,,,0.0,0,0,0,0
1322509162734,0,null,0,Jo-Wilfried Tsonga,,,0.0,0,0,0,0
1322509163734,0,null,0,Roger Federer,,,0.0,0,0,0,0
1322509163735,0,null,0,Jo-Wilfried Tsonga,,,0.0,0,0,0,0
1322509164735,0,null,0,Roger Federer,,,0.0,0,0,0,0
1322509164735,0,null,0,Jo-Wilfried Tsonga,,,0.0,0,0,0,0
1322509165735,0,null,0,Roger Federer,,,0.0,0,0,0,0
1322509165735,0,null,0,Jo-Wilfried Tsonga,,,0.0,0,0,0,0
1322509166736,0,null,0,Roger Federer,,,0.0,0,0,0,0
1322509166736,0,null,0,Jo-Wilfried Tsonga,,,0.0,0,0,0,0
1322509167736,0,null,0,Roger Federer,,,0.0,0,0,0,0
1322509167736,0,null,0,Jo-Wilfried Tsonga,,,0.0,0,0,0,0
1322509168736,0,null,0,Roger Federer,,,0.0,0,0,0,0
1322509168737,0,null,0,Jo-Wilfried Tsonga,,,0.0,0,0,0,0
1322509169737,0,null,0,Roger Federer,,,0.0,0,0,0,0
1322509169737,0,null,0,Jo-Wilfried Tsonga,,,0.0,0,0,0,0
1322509170737,0,null,0,Roger Federer,,,0.0,0,0,0,0
1322509170737,0,null,0,Jo-Wilfried Tsonga,,,0.0,0,0,0,0
1322509171738,0,null,0,Roger Federer,,,0.0,0,0,0,0
1322509171738,0,null,0,Jo-Wilfried Tsonga,,,0.0,0,0,0,0
1322509172738,0,null,0,Roger Federer,,,0.0,0,0,0,0
1322509172738,0,null,0,Jo-Wilfried Tsonga,,,0.0,0,0,0,0
1322509173738,0,null,0,Roger Federer,,,0.0,0,0,0,0
1322509173739,0,null,0,Jo-Wilfried Tsonga,,,0.0,0,0,0,0
1322509174739,0,null,0,Roger Federer,,,0.0,0,0,0,0
1322509174739,0,null,0,Jo-Wilfried Tsonga,,,0.0,0,0,0,0
1322509175739,0,null,0,Roger Federer,,,0.0,0,0,0,0
1322509175739,0,null,0,Jo-Wilfried Tsonga,,,0.0,0,0,0,0
1322509176740,0,null,0,Roger Federer,,,0.0,0,0,0,0
1322509176740,0,null,0,Jo-Wilfried Tsonga,,,0.0,0,0,0,0
1322509177740,0,null,0,Roger Federer,,,0.0,0,0,0,0
1322509177740,0,null,0,Jo-Wilfried Tsonga,,,0.0,0,0,0,0
1322509178740,0,null,0,Roger Federer,,,0.0,0,0,0,0
1322509178741,0,null,0,Jo-Wilfried Tsonga,,,0.0,0,0,0,0
1322509179741,0,null,0,Roger Federer,,,0.0,0,0,0,0
1322509179741,0,null,0,Jo-Wilfried Tsonga,,,0.0,0,0,0,0
1322509180741,0,null,0,Roger Federer,,,0.0,0,0,0,0
1322509180741,0,null,0,Jo-Wilfried Tsonga,,,0.0,0,0,0,0
1322509181742,0,null,0,Roger Federer,,,0.0,0,0,0,0
1322509181742,0,null,0,Jo-Wilfried Tsonga,,,0.0,0,0,0,0
1322509182742,0,null,0,Roger Federer,,,0.0,0,0,0,0
1322509182742,0,null,0,Jo-Wilfried Tsonga,,,0.0,0,0,0,0
1322509183742,0,null,0,Roger Federer,,,0.0,0,0,0,0
1322509183743,0,null,0,Jo-Wilfried Tsonga,,,0.0,0,0,0,0
1322509184743,0,null,0,Roger Federer,,,0.0,0,0,0,0
1322509184743,0,null,0,Jo-Wilfried Tsonga,,,0.0,0,0,0,0
1322509185743,0,null,0,Roger Federer,,,0.0,0,0,0,0
1322509185743,0,null,0,Jo-Wilfried Tsonga,,,0.0,0,0,0,0
1322509186744,0,null,0,Roger Federer,,,0.0,0,0,0,0
1322509186744,0,null,0,Jo-Wilfried Tsonga,,,0.0,0,0,0,0
1322509187744,0,null,0,Roger Federer,,,0.0,0,0,0,0
1322509187744,0,null,0,Jo-Wilfried Tsonga,,,0.0,0,0,0,0
1322509188744,0,null,0,Roger Federer,,,0.0,0,0,0,0
1322509188744,0,null,0,Jo-Wilfried Tsonga,,,0.0,0,0,0,0
1322509189745,0,null,0,Roger Federer,,,0.0,0,0,0,0
1322509189745,0,null,0,Jo-Wilfried Tsonga,,,0.0,0,0,0,0
1322509190745,0,null,0,Roger Federer,,,0.0,0,0,0,0
1322509190745,0,null,0,Jo-Wilfried Tsonga,,,0.0,0,0,0,0
1322509191746,0,null,0,Roger Federer,,,0.0,0,0,0,0
1322509191746,0,null,0,Jo-Wilfried Tsonga,,,0.0,0,0,0,0
1322509192746,0,null,0,Roger Federer,,,0.0,0,0,0,0
1322509192746,0,null,0,Jo-Wilfried Tsonga,,,0.0,0,0,0,0
1322509193746,0,null,0,Roger Federer,,,0.0,0,0,0,0
1322509193746,0,null,0,Jo-Wilfried Tsonga,,,0.0,0,0,0,0
1322509194747,0,null,0,Roger Federer,,,0.0,0,0,0,0
1322509194747,0,null,0,Jo-Wilfried Tsonga,,,0.0,0,0,0,0
1322509195747,0,null,0,Roger Federer,,,0.0,0,0,0,0
1322509195747,0,null,0,Jo-Wilfried Tsonga,,,0.0,0,0,0,0
1322509196747,0,null,0,Roger Federer,,,0.0,0,0,0,0
1322509196748,0,null,0,Jo-Wilfried Tsonga,,,0.0,0,0,0,0
1322509197748,0,null,0,Roger Federer,,,0.0,0,0,0,0
1322509197748,0,null,0,Jo-Wilfried Tsonga,,,0.0,0,0,0,0
1322509198748,0,null,0,Roger Federer,,,0.0,0,0,0,0
1322509198748,0,null,0,Jo-Wilfried Tsonga,,,0.0,0,0,0,0
1322509199749,0,null,0,Roger Federer,,,0.0,0,0,0,0
1322509199749,0,null,0,Jo-Wilfried Tsonga,,,0.0,0,0,0,0
1322509200749,0,null,0,Roger Federer,,,0.0,0,0,0,0
1322509200749,0,null,0,Jo-Wilfried Tsonga,,,0.0,0,0,0,0
1322509201749,0,null,0,Roger Federer,,,0.0,0,0,0,0
1322509201749,0,null,0,Jo-Wilfried Tsonga,,,0.0,0,0,0,0
1322509202750,0,null,0,Roger Federer,,,0.0,0,0,0,0
1322509202750,0,null,0,Jo-Wilfried Tsonga,,,0.0,0,0,0,0
1322509203750,0,null,0,Roger Federer,,,0.0,0,0,0,0
1322509203750,0,null,0,Jo-Wilfried Tsonga,,,0.0,0,0,0,0
1322509204751,0,null,0,Roger Federer,,,0.0,0,0,0,0
1322509204751,0,null,0,Jo-Wilfried Tsonga,,,0.0,0,0,0,0
1322509205751,0,null,0,Roger Federer,,,0.0,0,0,0,0
1322509205751,0,null,0,Jo-Wilfried Tsonga,,,0.0,0,0,0,0
1322509206751,0,null,0,Roger Federer,,,0.0,0,0,0,0
1322509206751,0,null,0,Jo-Wilfried Tsonga,,,0.0,0,0,0,0
1322509207752,0,null,0,Roger Federer,,,0.0,0,0,0,0
1322509207752,0,null,0,Jo-Wilfried Tsonga,,,0.0,0,0,0,0
1322509208752,0,null,0,Roger Federer,,,0.0,0,0,0,0
1322509208752,0,null,0,Jo-Wilfried Tsonga,,,0.0,0,0,0,0
1322509209753,0,null,0,Roger Federer,,,0.0,0,0,0,0
1322509209753,0,null,0,Jo-Wilfried Tsonga,,,0.0,0,0,0,0
1322509210753,0,null,0,Roger Federer,,,0.0,0,0,0,0
1322509210753,0,null,0,Jo-Wilfried Tsonga,,,0.0,0,0,0,0
1322509211753,0,null,0,Roger Federer,,,0.0,0,0,0,0
1322509211753,0,null,0,Jo-Wilfried Tsonga,,,0.0,0,0,0,0
1322509212754,0,null,0,Roger Federer,,,0.0,0,0,0,0
1322509212754,0,null,0,Jo-Wilfried Tsonga,,,0.0,0,0,0,0
1322509213754,0,null,0,Roger Federer,,,0.0,0,0,0,0
1322509213754,0,null,0,Jo-Wilfried Tsonga,,,0.0,0,0,0,0
1322509214755,0,null,0,Roger Federer,,,0.0,0,0,0,0
1322509214755,0,null,0,Jo-Wilfried Tsonga,,,0.0,0,0,0,0
1322509215755,0,null,0,Roger Federer,,,0.0,0,0,0,0
1322509215755,0,null,0,Jo-Wilfried Tsonga,,,0.0,0,0,0,0
1322509216755,0,null,0,Roger Federer,,,0.0,0,0,0,0
1322509216756,0,null,0,Jo-Wilfried Tsonga,,,0.0,0,0,0,0
1322509217756,0,null,0,Roger Federer,,,0.0,0,0,0,0
1322509217756,0,null,0,Jo-Wilfried Tsonga,,,0.0,0,0,0,0
1322509218756,0,null,0,Roger Federer,,,0.0,0,0,0,0
1322509218756,0,null,0,Jo-Wilfried Tsonga,,,0.0,0,0,0,0
1322509219757,0,null,0,Roger Federer,,,0.0,0,0,0,0
1322509219757,0,null,0,Jo-Wilfried Tsonga,,,0.0,0,0,0,0
1322509220757,0,null,0,Roger Federer,,,0.0,0,0,0,0
1322509220757,0,null,0,Jo-Wilfried Tsonga,,,0.0,0,0,0,0
1322509221757,0,null,0,Roger Federer,,,0.0,0,0,0,0
1322509221758,0,null,0,Jo-Wilfried Tsonga,,,0.0,0,0,0,0
1322509222758,0,null,0,Roger Federer,,,0.0,0,0,0,0
1322509222758,0,null,0,Jo-Wilfried Tsonga,,,0.0,0,0,0,0
1322509223758,0,null,0,Roger Federer,,,0.0,0,0,0,0
1322509223758,0,null,0,Jo-Wilfried Tsonga,,,0.0,0,0,0,0
1322509224759,0,null,0,Roger Federer,,,0.0,0,0,0,0
1322509224759,0,null,0,Jo-Wilfried Tsonga,,,0.0,0,0,0,0
1322509225759,0,null,0,Roger Federer,,,0.0,0,0,0,0
1322509225759,0,null,0,Jo-Wilfried Tsonga,,,0.0,0,0,0,0
1322509226759,0,null,0,Roger Federer,,,0.0,0,0,0,0
1322509226760,0,null,0,Jo-Wilfried Tsonga,,,0.0,0,0,0,0
1322509227760,0,null,0,Roger Federer,,,0.0,0,0,0,0
1322509227760,0,null,0,Jo-Wilfried Tsonga,,,0.0,0,0,0,0
1322509228760,0,null,0,Roger Federer,,,0.0,0,0,0,0
1322509228760,0,null,0,Jo-Wilfried Tsonga,,,0.0,0,0,0,0
1322509229761,0,null,0,Roger Federer,,,0.0,0,0,0,0
1322509229761,0,null,0,Jo-Wilfried Tsonga,,,0.0,0,0,0,0
1322509230761,0,null,0,Roger Federer,,,0.0,0,0,0,0
1322509230761,0,null,0,Jo-Wilfried Tsonga,,,0.0,0,0,0,0
1322509231761,0,null,0,Roger Federer,,,0.0,0,0,0,0
1322509231761,0,null,0,Jo-Wilfried Tsonga,,,0.0,0,0,0,0
1322509232762,0,null,0,Roger Federer,,,0.0,0,0,0,0
1322509232762,0,null,0,Jo-Wilfried Tsonga,,,0.0,0,0,0,0
1322509233762,0,null,0,Roger Federer,,,0.0,0,0,0,0
1322509233762,0,null,0,Jo-Wilfried Tsonga,,,0.0,0,0,0,0
1322509234762,0,null,0,Roger Federer,,,0.0,0,0,0,0
1322509234763,0,null,0,Jo-Wilfried Tsonga,,,0.0,0,0,0,0
1322509235763,0,null,0,Roger Federer,,,0.0,0,0,0,0
1322509235763,0,null,0,Jo-Wilfried Tsonga,,,0.0,0,0,0,0
1322509236763,0,null,0,Roger Federer,,,0.0,0,0,0,0
1322509236763,0,null,0,Jo-Wilfried Tsonga,,,0.0,0,0,0,0
1322509237764,0,null,0,Roger Federer,,,0.0,0,0,0,0
1322509237764,0,null,0,Jo-Wilfried Tsonga,,,0.0,0,0,0,0
1322509238764,0,null,0,Roger Federer,,,0.0,0,0,0,0
1322509238764,0,null,0,Jo-Wilfried Tsonga,,,0.0,0,0,0,0
1322509239764,0,null,0,Roger Federer,,,0.0,0,0,0,0
1322509239765,0,null,0,Jo-Wilfried Tsonga,,,0.0,0,0,0,0
1322509240765,0,null,0,Roger Federer,,,0.0,0,0,0,0
1322509240765,0,null,0,Jo-Wilfried Tsonga,,,0.0,0,0,0,0
1322509241765,0,null,0,Roger Federer,,,0.0,0,0,0,0
1322509241765,0,null,0,Jo-Wilfried Tsonga,,,0.0,0,0,0,0
1322509242766,0,null,0,Roger Federer,,,0.0,0,0,0,0
1322509242766,0,null,0,Jo-Wilfried Tsonga,,,0.0,0,0,0,0
1322509243766,0,null,0,Roger Federer,,,0.0,0,0,0,0
1322509243766,0,null,0,Jo-Wilfried Tsonga,,,0.0,0,0,0,0
1322509244766,0,null,0,Roger Federer,,,0.0,0,0,0,0
1322509244766,0,null,0,Jo-Wilfried Tsonga,,,0.0,0,0,0,0
1322509245767,0,null,0,Roger Federer,,,0.0,0,0,0,0
1322509245767,0,null,0,Jo-Wilfried Tsonga,,,0.0,0,0,0,0
1322509246767,0,null,0,Roger Federer,,,0.0,0,0,0,0
1322509246767,0,null,0,Jo-Wilfried Tsonga,,,0.0,0,0,0,0
1322509247767,0,null,0,Roger Federer,,,0.0,0,0,0,0
1322509247768,0,null,0,Jo-Wilfried Tsonga,,,0.0,0,0,0,0
1322509248768,0,null,0,Roger Federer,,,0.0,0,0,0,0
1322509248768,0,null,0,Jo-Wilfried Tsonga,,,0.0,0,0,0,0
1322509249768,0,null,0,Roger Federer,,,0.0,0,0,0,0
1322509249768,0,null,0,Jo-Wilfried Tsonga,,,0.0,0,0,0,0
1322509250769,0,null,0,Roger Federer,,,0.0,0,0,0,0
1322509250769,0,null,0,Jo-Wilfried Tsonga,,,0.0,0,0,0,0
1322509251769,0,null,0,Roger Federer,,,0.0,0,0,0,0
1322509251769,0,null,0,Jo-Wilfried Tsonga,,,0.0,0,0,0,0
1322509252769,0,null,0,Roger Federer,,,0.0,0,0,0,0
1322509252770,0,null,0,Jo-Wilfried Tsonga,,,0.0,0,0,0,0
1322509253770,0,null,0,Roger Federer,,,0.0,0,0,0,0
1322509253770,0,null,0,Jo-Wilfried Tsonga,,,0.0,0,0,0,0
1322509254770,0,null,0,Roger Federer,,,0.0,0,0,0,0
1322509254770,0,null,0,Jo-Wilfried Tsonga,,,0.0,0,0,0,0
1322509255771,0,null,0,Roger Federer,,,0.0,0,0,0,0
1322509255771,0,null,0,Jo-Wilfried Tsonga,,,0.0,0,0,0,0
1322509256771,0,null,0,Roger Federer,,,0.0,0,0,0,0
1322509256771,0,null,0,Jo-Wilfried Tsonga,,,0.0,0,0,0,0
1322509257771,0,null,0,Roger Federer,,,0.0,0,0,0,0
1322509257771,0,null,0,Jo-Wilfried Tsonga,,,0.0,0,0,0,0
1322509258772,0,null,0,Roger Federer,,,0.0,0,0,0,0
1322509258772,0,null,0,Jo-Wilfried Tsonga,,,0.0,0,0,0,0
1322509259772,0,null,0,Roger Federer,,,0.0,0,0,0,0
1322509259772,0,null,0,Jo-Wilfried Tsonga,,,0.0,0,0,0,0
1322509260772,0,null,0,Roger Federer,,,0.0,0,0,0,0
1322509260772,0,null,0,Jo-Wilfried Tsonga,,,0.0,0,0,0,0
1322509261773,0,null,0,Roger Federer,,,0.0,0,0,0,0
1322509261773,0,null,0,Jo-Wilfried Tsonga,,,0.0,0,0,0,0
1322509262773,0,null,0,Roger Federer,,,0.0,0,0,0,0
1322509262773,0,null,0,Jo-Wilfried Tsonga,,,0.0,0,0,0,0
1322509263774,0,null,0,Roger Federer,,,0.0,0,0,0,0
1322509263774,0,null,0,Jo-Wilfried Tsonga,,,0.0,0,0,0,0
1322509264774,0,null,0,Roger Federer,,,0.0,0,0,0,0
1322509264774,0,null,0,Jo-Wilfried Tsonga,,,0.0,0,0,0,0
1322509265774,0,null,0,Roger Federer,,,0.0,0,0,0,0
1322509265774,0,null,0,Jo-Wilfried Tsonga,,,0.0,0,0,0,0
1322509266775,0,null,0,Roger Federer,,,0.0,0,0,0,0
1322509266775,0,null,0,Jo-Wilfried Tsonga,,,0.0,0,0,0,0
1322509267775,0,null,0,Roger Federer,,,0.0,0,0,0,0
1322509267775,0,null,0,Jo-Wilfried Tsonga,,,0.0,0,0,0,0
1322509268775,0,null,0,Roger Federer,,,0.0,0,0,0,0
1322509268776,0,null,0,Jo-Wilfried Tsonga,,,0.0,0,0,0,0
1322509269776,0,null,0,Roger Federer,,,0.0,0,0,0,0
1322509269776,0,null,0,Jo-Wilfried Tsonga,,,0.0,0,0,0,0
1322509270776,0,null,0,Roger Federer,,,0.0,0,0,0,0
1322509270776,0,null,0,Jo-Wilfried Tsonga,,,0.0,0,0,0,0
1322509271777,0,null,0,Roger Federer,,,0.0,0,0,0,0
1322509271777,0,null,0,Jo-Wilfried Tsonga,,,0.0,0,0,0,0
1322509272777,0,null,0,Roger Federer,,,0.0,0,0,0,0
1322509272777,0,null,0,Jo-Wilfried Tsonga,,,0.0,0,0,0,0
1322509273777,0,null,0,Roger Federer,,,0.0,0,0,0,0
1322509273777,0,null,0,Jo-Wilfried Tsonga,,,0.0,0,0,0,0
1322509274778,0,null,0,Roger Federer,,,0.0,0,0,0,0
1322509274778,0,null,0,Jo-Wilfried Tsonga,,,0.0,0,0,0,0
1322509275778,0,null,0,Roger Federer,,,0.0,0,0,0,0
1322509275778,0,null,0,Jo-Wilfried Tsonga,,,0.0,0,0,0,0
1322509276778,0,null,0,Roger Federer,,,0.0,0,0,0,0
1322509276779,0,null,0,Jo-Wilfried Tsonga,,,0.0,0,0,0,0
1322509277779,0,null,0,Roger Federer,,,0.0,0,0,0,0
1322509277779,0,null,0,Jo-Wilfried Tsonga,,,0.0,0,0,0,0
1322509278779,0,null,0,Roger Federer,,,0.0,0,0,0,0
1322509278779,0,null,0,Jo-Wilfried Tsonga,,,0.0,0,0,0,0
1322509279780,0,null,0,Roger Federer,,,0.0,0,0,0,0
1322509279780,0,null,0,Jo-Wilfried Tsonga,,,0.0,0,0,0,0
1322509280780,0,null,0,Roger Federer,,,0.0,0,0,0,0
1322509280780,0,null,0,Jo-Wilfried Tsonga,,,0.0,0,0,0,0
1322509281780,0,null,0,Roger Federer,,,0.0,0,0,0,0
1322509281780,0,null,0,Jo-Wilfried Tsonga,,,0.0,0,0,0,0
1322509282781,0,null,0,Roger Federer,,,0.0,0,0,0,0
1322509282781,0,null,0,Jo-Wilfried Tsonga,,,0.0,0,0,0,0
1322509283781,0,null,0,Roger Federer,,,0.0,0,0,0,0
1322509283781,0,null,0,Jo-Wilfried Tsonga,,,0.0,0,0,0,0
1322509284781,0,null,0,Roger Federer,,,0.0,0,0,0,0
1322509284782,0,null,0,Jo-Wilfried Tsonga,,,0.0,0,0,0,0
1322509285782,0,null,0,Roger Federer,,,0.0,0,0,0,0
1322509285782,0,null,0,Jo-Wilfried Tsonga,,,0.0,0,0,0,0
1322509286782,0,null,0,Roger Federer,,,0.0,0,0,0,0
1322509286782,0,null,0,Jo-Wilfried Tsonga,,,0.0,0,0,0,0
1322509287782,0,null,0,Roger Federer,,,0.0,0,0,0,0
1322509287783,0,null,0,Jo-Wilfried Tsonga,,,0.0,0,0,0,0
1322509288783,0,null,0,Roger Federer,,,0.0,0,0,0,0
1322509288783,0,null,0,Jo-Wilfried Tsonga,,,0.0,0,0,0,0
1322509289783,0,null,0,Roger Federer,,,0.0,0,0,0,0
1322509289783,0,null,0,Jo-Wilfried Tsonga,,,0.0,0,0,0,0
1322509290784,0,null,0,Roger Federer,,,0.0,0,0,0,0
1322509290784,0,null,0,Jo-Wilfried Tsonga,,,0.0,0,0,0,0
1322509291784,0,null,0,Roger Federer,,,0.0,0,0,0,0
1322509291784,0,null,0,Jo-Wilfried Tsonga,,,0.0,0,0,0,0
1322509292784,0,null,0,Roger Federer,,,0.0,0,0,0,0
1322509292785,0,null,0,Jo-Wilfried Tsonga,,,0.0,0,0,0,0
1322509293785,0,null,0,Roger Federer,,,0.0,0,0,0,0
1322509293785,0,null,0,Jo-Wilfried Tsonga,,,0.0,0,0,0,0
1322509294785,0,null,0,Roger Federer,,,0.0,0,0,0,0
1322509294785,0,null,0,Jo-Wilfried Tsonga,,,0.0,0,0,0,0
1322509295786,0,null,0,Roger Federer,,,0.0,0,0,0,0
1322509295786,0,null,0,Jo-Wilfried Tsonga,,,0.0,0,0,0,0
1322509296786,0,null,0,Roger Federer,,,0.0,0,0,0,0
1322509296786,0,null,0,Jo-Wilfried Tsonga,,,0.0,0,0,0,0
1322509297786,0,null,0,Roger Federer,,,0.0,0,0,0,0
1322509297787,0,null,0,Jo-Wilfried Tsonga,,,0.0,0,0,0,0
1322509298787,0,null,0,Roger Federer,,,0.0,0,0,0,0
1322509298787,0,null,0,Jo-Wilfried Tsonga,,,0.0,0,0,0,0
1322509299787,0,null,0,Roger Federer,,,0.0,0,0,0,0
1322509299787,0,null,0,Jo-Wilfried Tsonga,,,0.0,0,0,0,0
1322509300788,0,null,0,Roger Federer,,,0.0,0,0,0,0
1322509300788,0,null,0,Jo-Wilfried Tsonga,,,0.0,0,0,0,0
1322509301788,0,null,0,Roger Federer,,,0.0,0,0,0,0
1322509301788,0,null,0,Jo-Wilfried Tsonga,,,0.0,0,0,0,0
1322509302788,0,null,0,Roger Federer,,,0.0,0,0,0,0
1322509302788,0,null,0,Jo-Wilfried Tsonga,,,0.0,0,0,0,0
1322509303789,0,null,0,Roger Federer,,,0.0,0,0,0,0
1322509303789,0,null,0,Jo-Wilfried Tsonga,,,0.0,0,0,0,0
1322509304789,0,null,0,Roger Federer,,,0.0,0,0,0,0
1322509304789,0,null,0,Jo-Wilfried Tsonga,,,0.0,0,0,0,0
1322509305789,0,null,0,Roger Federer,,,0.0,0,0,0,0
1322509305790,0,null,0,Jo-Wilfried Tsonga,,,0.0,0,0,0,0
1322509306790,0,null,0,Roger Federer,,,0.0,0,0,0,0
1322509306790,0,null,0,Jo-Wilfried Tsonga,,,0.0,0,0,0,0
1322509307790,0,null,0,Roger Federer,,,0.0,0,0,0,0
1322509307790,0,null,0,Jo-Wilfried Tsonga,,,0.0,0,0,0,0
1322509308791,0,null,0,Roger Federer,,,0.0,0,0,0,0
1322509308791,0,null,0,Jo-Wilfried Tsonga,,,0.0,0,0,0,0
1322509309791,0,null,0,Roger Federer,,,0.0,0,0,0,0
1322509309791,0,null,0,Jo-Wilfried Tsonga,,,0.0,0,0,0,0
1322509310791,0,null,0,Roger Federer,,,0.0,0,0,0,0
1322509310791,0,null,0,Jo-Wilfried Tsonga,,,0.0,0,0,0,0
1322509311792,0,null,0,Roger Federer,,,0.0,0,0,0,0
1322509311792,0,null,0,Jo-Wilfried Tsonga,,,0.0,0,0,0,0
1322509312792,0,null,0,Roger Federer,,,0.0,0,0,0,0
1322509312792,0,null,0,Jo-Wilfried Tsonga,,,0.0,0,0,0,0
1322509313792,0,null,0,Roger Federer,,,0.0,0,0,0,0
1322509313793,0,null,0,Jo-Wilfried Tsonga,,,0.0,0,0,0,0
1322509314793,0,null,0,Roger Federer,,,0.0,0,0,0,0
1322509314793,0,null,0,Jo-Wilfried Tsonga,,,0.0,0,0,0,0
1322509315793,0,null,0,Roger Federer,,,0.0,0,0,0,0
1322509315793,0,null,0,Jo-Wilfried Tsonga,,,0.0,0,0,0,0
1322509316794,0,null,0,Roger Federer,,,0.0,0,0,0,0
1322509316794,0,null,0,Jo-Wilfried Tsonga,,,0.0,0,0,0,0
1322509317794,0,null,0,Roger Federer,,,0.0,0,0,0,0
1322509317794,0,null,0,Jo-Wilfried Tsonga,,,0.0,0,0,0,0
1322509318794,0,null,0,Roger Federer,,,0.0,0,0,0,0
1322509318794,0,null,0,Jo-Wilfried Tsonga,,,0.0,0,0,0,0
1322509319795,0,null,0,Roger Federer,,,0.0,0,0,0,0
1322509319795,0,null,0,Jo-Wilfried Tsonga,,,0.0,0,0,0,0
1322509320795,0,null,0,Roger Federer,,,0.0,0,0,0,0
1322509320795,0,null,0,Jo-Wilfried Tsonga,,,0.0,0,0,0,0
1322509321795,0,null,0,Roger Federer,,,0.0,0,0,0,0
1322509321796,0,null,0,Jo-Wilfried Tsonga,,,0.0,0,0,0,0
1322509322796,0,null,0,Roger Federer,,,0.0,0,0,0,0
1322509322796,0,null,0,Jo-Wilfried Tsonga,,,0.0,0,0,0,0
1322509323796,0,null,0,Roger Federer,,,0.0,0,0,0,0
1322509323796,0,null,0,Jo-Wilfried Tsonga,,,0.0,0,0,0,0
1322509324797,0,null,0,Roger Federer,,,0.0,0,0,0,0
1322509324797,0,null,0,Jo-Wilfried Tsonga,,,0.0,0,0,0,0
1322509325797,0,null,0,Roger Federer,,,0.0,0,0,0,0
1322509325797,0,null,0,Jo-Wilfried Tsonga,,,0.0,0,0,0,0
1322509326797,0,null,0,Roger Federer,,,0.0,0,0,0,0
1322509326797,0,null,0,Jo-Wilfried Tsonga,,,0.0,0,0,0,0
1322509327798,0,null,0,Roger Federer,,,0.0,0,0,0,0
1322509327798,0,null,0,Jo-Wilfried Tsonga,,,0.0,0,0,0,0
1322509328798,0,null,0,Roger Federer,,,0.0,0,0,0,0
1322509328798,0,null,0,Jo-Wilfried Tsonga,,,0.0,0,0,0,0
1322509329798,0,null,0,Roger Federer,,,0.0,0,0,0,0
1322509329798,0,null,0,Jo-Wilfried Tsonga,,,0.0,0,0,0,0
1322509330799,0,null,0,Roger Federer,,,0.0,0,0,0,0
1322509330799,0,null,0,Jo-Wilfried Tsonga,,,0.0,0,0,0,0
1322509331799,0,null,0,Roger Federer,,,0.0,0,0,0,0
1322509331799,0,null,0,Jo-Wilfried Tsonga,,,0.0,0,0,0,0
1322509332799,0,null,0,Roger Federer,,,0.0,0,0,0,0
1322509332800,0,null,0,Jo-Wilfried Tsonga,,,0.0,0,0,0,0
1322509333800,0,null,0,Roger Federer,,,0.0,0,0,0,0
1322509333800,0,null,0,Jo-Wilfried Tsonga,,,0.0,0,0,0,0
1322509334800,0,null,0,Roger Federer,,,0.0,0,0,0,0
1322509334800,0,null,0,Jo-Wilfried Tsonga,,,0.0,0,0,0,0
1322509335801,0,null,0,Roger Federer,,,0.0,0,0,0,0
1322509335801,0,null,0,Jo-Wilfried Tsonga,,,0.0,0,0,0,0
1322509336801,0,null,0,Roger Federer,,,0.0,0,0,0,0
1322509336801,0,null,0,Jo-Wilfried Tsonga,,,0.0,0,0,0,0
1322509337801,0,null,0,Roger Federer,,,0.0,0,0,0,0
1322509337801,0,null,0,Jo-Wilfried Tsonga,,,0.0,0,0,0,0
1322509338802,0,null,0,Roger Federer,,,0.0,0,0,0,0
1322509338802,0,null,0,Jo-Wilfried Tsonga,,,0.0,0,0,0,0
1322509339802,0,null,0,Roger Federer,,,0.0,0,0,0,0
1322509339802,0,null,0,Jo-Wilfried Tsonga,,,0.0,0,0,0,0
1322509340802,0,null,0,Roger Federer,,,0.0,0,0,0,0
1322509340803,0,null,0,Jo-Wilfried Tsonga,,,0.0,0,0,0,0
1322509341803,0,null,0,Roger Federer,,,0.0,0,0,0,0
1322509341803,0,null,0,Jo-Wilfried Tsonga,,,0.0,0,0,0,0
1322509342803,0,null,0,Roger Federer,,,0.0,0,0,0,0
1322509342803,0,null,0,Jo-Wilfried Tsonga,,,0.0,0,0,0,0
1322509343804,0,null,0,Roger Federer,,,0.0,0,0,0,0
1322509343804,0,null,0,Jo-Wilfried Tsonga,,,0.0,0,0,0,0
1322509344804,0,null,0,Roger Federer,,,0.0,0,0,0,0
1322509344804,0,null,0,Jo-Wilfried Tsonga,,,0.0,0,0,0,0
1322509345804,0,null,0,Roger Federer,,,0.0,0,0,0,0
1322509345804,0,null,0,Jo-Wilfried Tsonga,,,0.0,0,0,0,0
1322509346805,0,null,0,Roger Federer,,,0.0,0,0,0,0
1322509346805,0,null,0,Jo-Wilfried Tsonga,,,0.0,0,0,0,0
1322509347805,0,null,0,Roger Federer,,,0.0,0,0,0,0
1322509347805,0,null,0,Jo-Wilfried Tsonga,,,0.0,0,0,0,0
1322509348805,0,null,0,Roger Federer,,,0.0,0,0,0,0
1322509348805,0,null,0,Jo-Wilfried Tsonga,,,0.0,0,0,0,0
1322509349806,0,null,0,Roger Federer,,,0.0,0,0,0,0
1322509349806,0,null,0,Jo-Wilfried Tsonga,,,0.0,0,0,0,0
1322509350806,0,null,0,Roger Federer,,,0.0,0,0,0,0
1322509350806,0,null,0,Jo-Wilfried Tsonga,,,0.0,0,0,0,0
1322509351807,0,null,0,Roger Federer,,,0.0,0,0,0,0
1322509351807,0,null,0,Jo-Wilfried Tsonga,,,0.0,0,0,0,0
1322509352807,0,null,0,Roger Federer,,,0.0,0,0,0,0
1322509352807,0,null,0,Jo-Wilfried Tsonga,,,0.0,0,0,0,0
1322509353807,0,null,0,Roger Federer,,,0.0,0,0,0,0
1322509353807,0,null,0,Jo-Wilfried Tsonga,,,0.0,0,0,0,0
1322509354808,0,null,0,Roger Federer,,,0.0,0,0,0,0
1322509354808,0,null,0,Jo-Wilfried Tsonga,,,0.0,0,0,0,0
1322509355808,0,null,0,Roger Federer,,,0.0,0,0,0,0
1322509355808,0,null,0,Jo-Wilfried Tsonga,,,0.0,0,0,0,0
1322509356808,0,null,0,Roger Federer,,,0.0,0,0,0,0
1322509356808,0,null,0,Jo-Wilfried Tsonga,,,0.0,0,0,0,0
1322509357809,0,null,0,Roger Federer,,,0.0,0,0,0,0
1322509357809,0,null,0,Jo-Wilfried Tsonga,,,0.0,0,0,0,0
1322509358809,0,null,0,Roger Federer,,,0.0,0,0,0,0
1322509358809,0,null,0,Jo-Wilfried Tsonga,,,0.0,0,0,0,0
1322509359809,0,null,0,Roger Federer,,,0.0,0,0,0,0
1322509359810,0,null,0,Jo-Wilfried Tsonga,,,0.0,0,0,0,0
1322509360810,0,null,0,Roger Federer,,,0.0,0,0,0,0
1322509360810,0,null,0,Jo-Wilfried Tsonga,,,0.0,0,0,0,0
1322509361810,0,null,0,Roger Federer,,,0.0,0,0,0,0
1322509361810,0,null,0,Jo-Wilfried Tsonga,,,0.0,0,0,0,0
1322509362811,0,null,0,Roger Federer,,,0.0,0,0,0,0
1322509362811,0,null,0,Jo-Wilfried Tsonga,,,0.0,0,0,0,0
1322509363811,0,null,0,Roger Federer,,,0.0,0,0,0,0
1322509363811,0,null,0,Jo-Wilfried Tsonga,,,0.0,0,0,0,0
1322509364811,0,null,0,Roger Federer,,,0.0,0,0,0,0
1322509364811,0,null,0,Jo-Wilfried Tsonga,,,0.0,0,0,0,0
1322509365812,0,null,0,Roger Federer,,,0.0,0,0,0,0
1322509365812,0,null,0,Jo-Wilfried Tsonga,,,0.0,0,0,0,0
1322509366812,0,null,0,Roger Federer,,,0.0,0,0,0,0
1322509366812,0,null,0,Jo-Wilfried Tsonga,,,0.0,0,0,0,0
1322509367812,0,null,0,Roger Federer,,,0.0,0,0,0,0
1322509367812,0,null,0,Jo-Wilfried Tsonga,,,0.0,0,0,0,0
1322509368813,0,null,0,Roger Federer,,,0.0,0,0,0,0
1322509368813,0,null,0,Jo-Wilfried Tsonga,,,0.0,0,0,0,0
1322509369813,0,null,0,Roger Federer,,,0.0,0,0,0,0
1322509369813,0,null,0,Jo-Wilfried Tsonga,,,0.0,0,0,0,0
1322509370814,0,null,0,Roger Federer,,,0.0,0,0,0,0
1322509370814,0,null,0,Jo-Wilfried Tsonga,,,0.0,0,0,0,0
1322509371814,0,null,0,Roger Federer,,,0.0,0,0,0,0
1322509371814,0,null,0,Jo-Wilfried Tsonga,,,0.0,0,0,0,0
1322509372814,0,null,0,Roger Federer,,,0.0,0,0,0,0
1322509372814,0,null,0,Jo-Wilfried Tsonga,,,0.0,0,0,0,0
1322509373815,0,null,0,Roger Federer,,,0.0,0,0,0,0
1322509373815,0,null,0,Jo-Wilfried Tsonga,,,0.0,0,0,0,0
1322509374815,0,null,0,Roger Federer,,,0.0,0,0,0,0
1322509374815,0,null,0,Jo-Wilfried Tsonga,,,0.0,0,0,0,0
1322509375815,0,null,0,Roger Federer,,,0.0,0,0,0,0
1322509375816,0,null,0,Jo-Wilfried Tsonga,,,0.0,0,0,0,0
1322509376816,0,null,0,Roger Federer,,,0.0,0,0,0,0
1322509376816,0,null,0,Jo-Wilfried Tsonga,,,0.0,0,0,0,0
1322509377816,0,null,0,Roger Federer,,,0.0,0,0,0,0
1322509377816,0,null,0,Jo-Wilfried Tsonga,,,0.0,0,0,0,0
1322509378817,0,null,0,Roger Federer,,,0.0,0,0,0,0
1322509378817,0,null,0,Jo-Wilfried Tsonga,,,0.0,0,0,0,0
1322509379817,0,null,0,Roger Federer,,,0.0,0,0,0,0
1322509379817,0,null,0,Jo-Wilfried Tsonga,,,0.0,0,0,0,0
1322509380817,0,null,0,Roger Federer,,,0.0,0,0,0,0
1322509380817,0,null,0,Jo-Wilfried Tsonga,,,0.0,0,0,0,0
1322509381818,0,null,0,Roger Federer,,,0.0,0,0,0,0
1322509381818,0,null,0,Jo-Wilfried Tsonga,,,0.0,0,0,0,0
1322509382818,0,null,0,Roger Federer,,,0.0,0,0,0,0
1322509382818,0,null,0,Jo-Wilfried Tsonga,,,0.0,0,0,0,0
1322509383818,0,null,0,Roger Federer,,,0.0,0,0,0,0
1322509383819,0,null,0,Jo-Wilfried Tsonga,,,0.0,0,0,0,0
1322509384819,0,null,0,Roger Federer,,,0.0,0,0,0,0
1322509384819,0,null,0,Jo-Wilfried Tsonga,,,0.0,0,0,0,0
1322509385819,0,null,0,Roger Federer,,,0.0,0,0,0,0
1322509385819,0,null,0,Jo-Wilfried Tsonga,,,0.0,0,0,0,0
1322509386819,0,null,0,Roger Federer,,,0.0,0,0,0,0
1322509386819,0,null,0,Jo-Wilfried Tsonga,,,0.0,0,0,0,0
1322509387820,0,null,0,Roger Federer,,,0.0,0,0,0,0
1322509387820,0,null,0,Jo-Wilfried Tsonga,,,0.0,0,0,0,0
1322509388820,0,null,0,Roger Federer,,,0.0,0,0,0,0
1322509388820,0,null,0,Jo-Wilfried Tsonga,,,0.0,0,0,0,0
1322509389820,0,null,0,Roger Federer,,,0.0,0,0,0,0
1322509389821,0,null,0,Jo-Wilfried Tsonga,,,0.0,0,0,0,0
1322509390821,0,null,0,Roger Federer,,,0.0,0,0,0,0
1322509390821,0,null,0,Jo-Wilfried Tsonga,,,0.0,0,0,0,0
1322509391821,0,null,0,Roger Federer,,,0.0,0,0,0,0
1322509391821,0,null,0,Jo-Wilfried Tsonga,,,0.0,0,0,0,0
1322509392822,0,null,0,Roger Federer,,,0.0,0,0,0,0
1322509392822,0,null,0,Jo-Wilfried Tsonga,,,0.0,0,0,0,0
1322509393822,0,null,0,Roger Federer,,,0.0,0,0,0,0
1322509393822,0,null,0,Jo-Wilfried Tsonga,,,0.0,0,0,0,0
1322509394822,0,null,0,Roger Federer,,,0.0,0,0,0,0
1322509394822,0,null,0,Jo-Wilfried Tsonga,,,0.0,0,0,0,0
1322509395823,0,null,0,Roger Federer,,,0.0,0,0,0,0
1322509395823,0,null,0,Jo-Wilfried Tsonga,,,0.0,0,0,0,0
1322509396823,0,null,0,Roger Federer,,,0.0,0,0,0,0
1322509396823,0,null,0,Jo-Wilfried Tsonga,,,0.0,0,0,0,0
1322509397823,0,null,0,Roger Federer,,,0.0,0,0,0,0
1322509397823,0,null,0,Jo-Wilfried Tsonga,,,0.0,0,0,0,0
1322509398824,0,null,0,Roger Federer,,,0.0,0,0,0,0
1322509398824,0,null,0,Jo-Wilfried Tsonga,,,0.0,0,0,0,0
1322509399824,0,null,0,Roger Federer,,,0.0,0,0,0,0
1322509399824,0,null,0,Jo-Wilfried Tsonga,,,0.0,0,0,0,0
1322509400824,0,null,0,Roger Federer,,,0.0,0,0,0,0
1322509400825,0,null,0,Jo-Wilfried Tsonga,,,0.0,0,0,0,0
1322509401825,0,null,0,Roger Federer,,,0.0,0,0,0,0
1322509401825,0,null,0,Jo-Wilfried Tsonga,,,0.0,0,0,0,0
1322509402825,0,null,0,Roger Federer,,,0.0,0,0,0,0
1322509402825,0,null,0,Jo-Wilfried Tsonga,,,0.0,0,0,0,0
1322509403826,0,null,0,Roger Federer,,,0.0,0,0,0,0
1322509403826,0,null,0,Jo-Wilfried Tsonga,,,0.0,0,0,0,0
1322509404826,0,null,0,Roger Federer,,,0.0,0,0,0,0
1322509404826,0,null,0,Jo-Wilfried Tsonga,,,0.0,0,0,0,0
1322509405826,0,null,0,Roger Federer,,,0.0,0,0,0,0
1322509405826,0,null,0,Jo-Wilfried Tsonga,,,0.0,0,0,0,0
1322509406827,0,null,0,Roger Federer,,,0.0,0,0,0,0
1322509406827,0,null,0,Jo-Wilfried Tsonga,,,0.0,0,0,0,0
1322509407827,0,null,0,Roger Federer,,,0.0,0,0,0,0
1322509407827,0,null,0,Jo-Wilfried Tsonga,,,0.0,0,0,0,0
1322509408827,0,null,0,Roger Federer,,,0.0,0,0,0,0
1322509408827,0,null,0,Jo-Wilfried Tsonga,,,0.0,0,0,0,0
1322509409828,0,null,0,Roger Federer,,,0.0,0,0,0,0
1322509409828,0,null,0,Jo-Wilfried Tsonga,,,0.0,0,0,0,0
1322509410828,0,null,0,Roger Federer,,,0.0,0,0,0,0
1322509410828,0,null,0,Jo-Wilfried Tsonga,,,0.0,0,0,0,0
1322509411828,0,null,0,Roger Federer,,,0.0,0,0,0,0
1322509411828,0,null,0,Jo-Wilfried Tsonga,,,0.0,0,0,0,0
1322509412829,0,null,0,Roger Federer,,,0.0,0,0,0,0
1322509412829,0,null,0,Jo-Wilfried Tsonga,,,0.0,0,0,0,0
1322509413829,0,null,0,Roger Federer,,,0.0,0,0,0,0
1322509413829,0,null,0,Jo-Wilfried Tsonga,,,0.0,0,0,0,0
1322509414829,0,null,0,Roger Federer,,,0.0,0,0,0,0
1322509414829,0,null,0,Jo-Wilfried Tsonga,,,0.0,0,0,0,0
1322509415830,0,null,0,Roger Federer,,,0.0,0,0,0,0
1322509415830,0,null,0,Jo-Wilfried Tsonga,,,0.0,0,0,0,0
1322509416830,0,null,0,Roger Federer,,,0.0,0,0,0,0
1322509416830,0,null,0,Jo-Wilfried Tsonga,,,0.0,0,0,0,0
1322509417830,0,null,0,Roger Federer,,,0.0,0,0,0,0
1322509417830,0,null,0,Jo-Wilfried Tsonga,,,0.0,0,0,0,0
1322509418831,0,null,0,Roger Federer,,,0.0,0,0,0,0
1322509418831,0,null,0,Jo-Wilfried Tsonga,,,0.0,0,0,0,0
1322509419831,0,null,0,Roger Federer,,,0.0,0,0,0,0
1322509419831,0,null,0,Jo-Wilfried Tsonga,,,0.0,0,0,0,0
1322509420832,0,null,0,Roger Federer,,,0.0,0,0,0,0
1322509420832,0,null,0,Jo-Wilfried Tsonga,,,0.0,0,0,0,0
1322509421832,0,null,0,Roger Federer,,,0.0,0,0,0,0
1322509421832,0,null,0,Jo-Wilfried Tsonga,,,0.0,0,0,0,0
1322509422832,0,null,0,Roger Federer,,,0.0,0,0,0,0
1322509422832,0,null,0,Jo-Wilfried Tsonga,,,0.0,0,0,0,0
1322509423833,0,null,0,Roger Federer,,,0.0,0,0,0,0
1322509423833,0,null,0,Jo-Wilfried Tsonga,,,0.0,0,0,0,0
1322509424833,0,null,0,Roger Federer,,,0.0,0,0,0,0
1322509424833,0,null,0,Jo-Wilfried Tsonga,,,0.0,0,0,0,0
1322509425833,0,null,0,Roger Federer,,,0.0,0,0,0,0
1322509425833,0,null,0,Jo-Wilfried Tsonga,,,0.0,0,0,0,0
1322509426834,0,null,0,Roger Federer,,,0.0,0,0,0,0
1322509426834,0,null,0,Jo-Wilfried Tsonga,,,0.0,0,0,0,0
1322509427834,0,null,0,Roger Federer,,,0.0,0,0,0,0
1322509427834,0,null,0,Jo-Wilfried Tsonga,,,0.0,0,0,0,0
1322509428834,0,null,0,Roger Federer,,,0.0,0,0,0,0
1322509428834,0,null,0,Jo-Wilfried Tsonga,,,0.0,0,0,0,0
1322509429835,0,null,0,Roger Federer,,,0.0,0,0,0,0
1322509429835,0,null,0,Jo-Wilfried Tsonga,,,0.0,0,0,0,0
1322509430835,0,null,0,Roger Federer,,,0.0,0,0,0,0
1322509430835,0,null,0,Jo-Wilfried Tsonga,,,0.0,0,0,0,0
1322509431835,0,null,0,Roger Federer,,,0.0,0,0,0,0
1322509431835,0,null,0,Jo-Wilfried Tsonga,,,0.0,0,0,0,0
1322509432836,0,null,0,Roger Federer,,,0.0,0,0,0,0
1322509432836,0,null,0,Jo-Wilfried Tsonga,,,0.0,0,0,0,0
1322509433836,0,null,0,Roger Federer,,,0.0,0,0,0,0
1322509433836,0,null,0,Jo-Wilfried Tsonga,,,0.0,0,0,0,0
1322509434836,0,null,0,Roger Federer,,,0.0,0,0,0,0
1322509434837,0,null,0,Jo-Wilfried Tsonga,,,0.0,0,0,0,0
1322509435837,0,null,0,Roger Federer,,,0.0,0,0,0,0
1322509435837,0,null,0,Jo-Wilfried Tsonga,,,0.0,0,0,0,0
1322509436837,0,null,0,Roger Federer,,,0.0,0,0,0,0
1322509436837,0,null,0,Jo-Wilfried Tsonga,,,0.0,0,0,0,0
1322509437837,0,null,0,Roger Federer,,,0.0,0,0,0,0
1322509437838,0,null,0,Jo-Wilfried Tsonga,,,0.0,0,0,0,0
1322509438838,0,null,0,Roger Federer,,,0.0,0,0,0,0
1322509438838,0,null,0,Jo-Wilfried Tsonga,,,0.0,0,0,0,0
1322509439838,0,null,0,Roger Federer,,,0.0,0,0,0,0
1322509439838,0,null,0,Jo-Wilfried Tsonga,,,0.0,0,0,0,0
1322509440838,0,null,0,Roger Federer,,,0.0,0,0,0,0
1322509440839,0,null,0,Jo-Wilfried Tsonga,,,0.0,0,0,0,0
1322509441839,0,null,0,Roger Federer,,,0.0,0,0,0,0
1322509441839,0,null,0,Jo-Wilfried Tsonga,,,0.0,0,0,0,0
1322509442839,0,null,0,Roger Federer,,,0.0,0,0,0,0
1322509442839,0,null,0,Jo-Wilfried Tsonga,,,0.0,0,0,0,0
1322509443840,0,null,0,Roger Federer,,,0.0,0,0,0,0
1322509443840,0,null,0,Jo-Wilfried Tsonga,,,0.0,0,0,0,0
1322509444840,0,null,0,Roger Federer,,,0.0,0,0,0,0
1322509444840,0,null,0,Jo-Wilfried Tsonga,,,0.0,0,0,0,0
1322509445840,0,null,0,Roger Federer,,,0.0,0,0,0,0
1322509445840,0,null,0,Jo-Wilfried Tsonga,,,0.0,0,0,0,0
1322509446841,0,null,0,Roger Federer,,,0.0,0,0,0,0
1322509446841,0,null,0,Jo-Wilfried Tsonga,,,0.0,0,0,0,0
1322509447841,0,null,0,Roger Federer,,,0.0,0,0,0,0
1322509447841,0,null,0,Jo-Wilfried Tsonga,,,0.0,0,0,0,0
1322509448841,0,null,0,Roger Federer,,,0.0,0,0,0,0
1322509448842,0,null,0,Jo-Wilfried Tsonga,,,0.0,0,0,0,0
1322509449842,0,null,0,Roger Federer,,,0.0,0,0,0,0
1322509449842,0,null,0,Jo-Wilfried Tsonga,,,0.0,0,0,0,0
1322509450842,0,null,0,Roger Federer,,,0.0,0,0,0,0
1322509450842,0,null,0,Jo-Wilfried Tsonga,,,0.0,0,0,0,0
1322509451842,0,null,0,Roger Federer,,,0.0,0,0,0,0
1322509451843,0,null,0,Jo-Wilfried Tsonga,,,0.0,0,0,0,0
1322509452843,0,null,0,Roger Federer,,,0.0,0,0,0,0
1322509452843,0,null,0,Jo-Wilfried Tsonga,,,0.0,0,0,0,0
1322509453843,0,null,0,Roger Federer,,,0.0,0,0,0,0
1322509453843,0,null,0,Jo-Wilfried Tsonga,,,0.0,0,0,0,0
1322509454844,0,null,0,Roger Federer,,,0.0,0,0,0,0
1322509454844,0,null,0,Jo-Wilfried Tsonga,,,0.0,0,0,0,0
1322509455844,0,null,0,Roger Federer,,,0.0,0,0,0,0
1322509455844,0,null,0,Jo-Wilfried Tsonga,,,0.0,0,0,0,0
1322509456844,0,null,0,Roger Federer,,,0.0,0,0,0,0
1322509456844,0,null,0,Jo-Wilfried Tsonga,,,0.0,0,0,0,0
1322509457845,0,null,0,Roger Federer,,,0.0,0,0,0,0
1322509457845,0,null,0,Jo-Wilfried Tsonga,,,0.0,0,0,0,0
1322509458845,0,null,0,Roger Federer,,,0.0,0,0,0,0
1322509458845,0,null,0,Jo-Wilfried Tsonga,,,0.0,0,0,0,0
1322509459845,0,null,0,Roger Federer,,,0.0,0,0,0,0
1322509459845,0,null,0,Jo-Wilfried Tsonga,,,0.0,0,0,0,0
1322509460846,0,null,0,Roger Federer,,,0.0,0,0,0,0
1322509460846,0,null,0,Jo-Wilfried Tsonga,,,0.0,0,0,0,0
1322509461846,0,null,0,Roger Federer,,,0.0,0,0,0,0
1322509461846,0,null,0,Jo-Wilfried Tsonga,,,0.0,0,0,0,0
1322509462846,0,null,0,Roger Federer,,,0.0,0,0,0,0
1322509462847,0,null,0,Jo-Wilfried Tsonga,,,0.0,0,0,0,0
1322509463847,0,null,0,Roger Federer,,,0.0,0,0,0,0
1322509463847,0,null,0,Jo-Wilfried Tsonga,,,0.0,0,0,0,0
1322509464847,0,null,0,Roger Federer,,,0.0,0,0,0,0
1322509464847,0,null,0,Jo-Wilfried Tsonga,,,0.0,0,0,0,0
1322509465847,0,null,0,Roger Federer,,,0.0,0,0,0,0
1322509465848,0,null,0,Jo-Wilfried Tsonga,,,0.0,0,0,0,0
1322509466848,0,null,0,Roger Federer,,,0.0,0,0,0,0
1322509466848,0,null,0,Jo-Wilfried Tsonga,,,0.0,0,0,0,0
1322509467848,0,null,0,Roger Federer,,,0.0,0,0,0,0
1322509467848,0,null,0,Jo-Wilfried Tsonga,,,0.0,0,0,0,0
1322509468848,0,null,0,Roger Federer,,,0.0,0,0,0,0
1322509468849,0,null,0,Jo-Wilfried Tsonga,,,0.0,0,0,0,0
1322509469849,0,null,0,Roger Federer,,,0.0,0,0,0,0
1322509469849,0,null,0,Jo-Wilfried Tsonga,,,0.0,0,0,0,0
1322509470849,0,null,0,Roger Federer,,,0.0,0,0,0,0
1322509470849,0,null,0,Jo-Wilfried Tsonga,,,0.0,0,0,0,0
1322509471850,0,null,0,Roger Federer,,,0.0,0,0,0,0
1322509471850,0,null,0,Jo-Wilfried Tsonga,,,0.0,0,0,0,0
1322509472850,0,null,0,Roger Federer,,,0.0,0,0,0,0
1322509472850,0,null,0,Jo-Wilfried Tsonga,,,0.0,0,0,0,0
1322509473850,0,null,0,Roger Federer,,,0.0,0,0,0,0
1322509473850,0,null,0,Jo-Wilfried Tsonga,,,0.0,0,0,0,0
1322509474851,0,null,0,Roger Federer,,,0.0,0,0,0,0
1322509474851,0,null,0,Jo-Wilfried Tsonga,,,0.0,0,0,0,0
1322509475851,0,null,0,Roger Federer,,,0.0,0,0,0,0
1322509475851,0,null,0,Jo-Wilfried Tsonga,,,0.0,0,0,0,0
1322509476851,0,null,0,Roger Federer,,,0.0,0,0,0,0
1322509476851,0,null,0,Jo-Wilfried Tsonga,,,0.0,0,0,0,0
1322509477852,0,null,0,Roger Federer,,,0.0,0,0,0,0
1322509477852,0,null,0,Jo-Wilfried Tsonga,,,0.0,0,0,0,0
1322509478852,0,null,0,Roger Federer,,,0.0,0,0,0,0
1322509478852,0,null,0,Jo-Wilfried Tsonga,,,0.0,0,0,0,0
1322509479852,0,null,0,Roger Federer,,,0.0,0,0,0,0
1322509479852,0,null,0,Jo-Wilfried Tsonga,,,0.0,0,0,0,0
1322509480853,0,null,0,Roger Federer,,,0.0,0,0,0,0
1322509480853,0,null,0,Jo-Wilfried Tsonga,,,0.0,0,0,0,0
1322509481853,0,null,0,Roger Federer,,,0.0,0,0,0,0
1322509481853,0,null,0,Jo-Wilfried Tsonga,,,0.0,0,0,0,0
1322509482853,0,null,0,Roger Federer,,,0.0,0,0,0,0
1322509482854,0,null,0,Jo-Wilfried Tsonga,,,0.0,0,0,0,0
1322509483854,0,null,0,Roger Federer,,,0.0,0,0,0,0
1322509483854,0,null,0,Jo-Wilfried Tsonga,,,0.0,0,0,0,0
1322509484854,0,null,0,Roger Federer,,,0.0,0,0,0,0
1322509484854,0,null,0,Jo-Wilfried Tsonga,,,0.0,0,0,0,0
1322509485854,0,null,0,Roger Federer,,,0.0,0,0,0,0
1322509485855,0,null,0,Jo-Wilfried Tsonga,,,0.0,0,0,0,0
1322509486855,0,null,0,Roger Federer,,,0.0,0,0,0,0
1322509486855,0,null,0,Jo-Wilfried Tsonga,,,0.0,0,0,0,0
1322509487855,0,null,0,Roger Federer,,,0.0,0,0,0,0
1322509487855,0,null,0,Jo-Wilfried Tsonga,,,0.0,0,0,0,0
1322509488856,0,null,0,Roger Federer,,,0.0,0,0,0,0
1322509488856,0,null,0,Jo-Wilfried Tsonga,,,0.0,0,0,0,0
1322509489856,0,null,0,Roger Federer,,,0.0,0,0,0,0
1322509489856,0,null,0,Jo-Wilfried Tsonga,,,0.0,0,0,0,0
1322509490856,0,null,0,Roger Federer,,,0.0,0,0,0,0
1322509490856,0,null,0,Jo-Wilfried Tsonga,,,0.0,0,0,0,0
1322509491857,0,null,0,Roger Federer,,,0.0,0,0,0,0
1322509491857,0,null,0,Jo-Wilfried Tsonga,,,0.0,0,0,0,0
1322509492857,0,null,0,Roger Federer,,,0.0,0,0,0,0
1322509492857,0,null,0,Jo-Wilfried Tsonga,,,0.0,0,0,0,0
1322509493857,0,null,0,Roger Federer,,,0.0,0,0,0,0
1322509493857,0,null,0,Jo-Wilfried Tsonga,,,0.0,0,0,0,0
1322509494858,0,null,0,Roger Federer,,,0.0,0,0,0,0
1322509494858,0,null,0,Jo-Wilfried Tsonga,,,0.0,0,0,0,0
1322509495858,0,null,0,Roger Federer,,,0.0,0,0,0,0
1322509495858,0,null,0,Jo-Wilfried Tsonga,,,0.0,0,0,0,0
1322509496858,0,null,0,Roger Federer,,,0.0,0,0,0,0
1322509496858,0,null,0,Jo-Wilfried Tsonga,,,0.0,0,0,0,0
1322509497859,0,null,0,Roger Federer,,,0.0,0,0,0,0
1322509497859,0,null,0,Jo-Wilfried Tsonga,,,0.0,0,0,0,0
1322509498859,0,null,0,Roger Federer,,,0.0,0,0,0,0
1322509498859,0,null,0,Jo-Wilfried Tsonga,,,0.0,0,0,0,0
1322509499859,0,null,0,Roger Federer,,,0.0,0,0,0,0
1322509499860,0,null,0,Jo-Wilfried Tsonga,,,0.0,0,0,0,0
1322509500860,0,null,0,Roger Federer,,,0.0,0,0,0,0
1322509500860,0,null,0,Jo-Wilfried Tsonga,,,0.0,0,0,0,0
1322509501860,0,null,0,Roger Federer,,,0.0,0,0,0,0
1322509501860,0,null,0,Jo-Wilfried Tsonga,,,0.0,0,0,0,0
1322509502861,0,null,0,Roger Federer,,,0.0,0,0,0,0
1322509502861,0,null,0,Jo-Wilfried Tsonga,,,0.0,0,0,0,0
1322509503861,0,null,0,Roger Federer,,,0.0,0,0,0,0
1322509503861,0,null,0,Jo-Wilfried Tsonga,,,0.0,0,0,0,0
1322509504861,0,null,0,Roger Federer,,,0.0,0,0,0,0
1322509504861,0,null,0,Jo-Wilfried Tsonga,,,0.0,0,0,0,0
1322509505862,0,null,0,Roger Federer,,,0.0,0,0,0,0
1322509505862,0,null,0,Jo-Wilfried Tsonga,,,0.0,0,0,0,0
1322509506862,0,null,0,Roger Federer,,,0.0,0,0,0,0
1322509506862,0,null,0,Jo-Wilfried Tsonga,,,0.0,0,0,0,0
1322509507862,0,null,0,Roger Federer,,,0.0,0,0,0,0
1322509507862,0,null,0,Jo-Wilfried Tsonga,,,0.0,0,0,0,0
1322509508863,0,null,0,Roger Federer,,,0.0,0,0,0,0
1322509508863,0,null,0,Jo-Wilfried Tsonga,,,0.0,0,0,0,0
1322509509863,0,null,0,Roger Federer,,,0.0,0,0,0,0
1322509509863,0,null,0,Jo-Wilfried Tsonga,,,0.0,0,0,0,0
1322509510863,0,null,0,Roger Federer,,,0.0,0,0,0,0
1322509510863,0,null,0,Jo-Wilfried Tsonga,,,0.0,0,0,0,0
1322509511864,0,null,0,Roger Federer,,,0.0,0,0,0,0
1322509511864,0,null,0,Jo-Wilfried Tsonga,,,0.0,0,0,0,0
1322509512864,0,null,0,Roger Federer,,,0.0,0,0,0,0
1322509512864,0,null,0,Jo-Wilfried Tsonga,,,0.0,0,0,0,0
1322509513864,0,null,0,Roger Federer,,,0.0,0,0,0,0
1322509513865,0,null,0,Jo-Wilfried Tsonga,,,0.0,0,0,0,0
1322509514865,0,null,0,Roger Federer,,,0.0,0,0,0,0
1322509514865,0,null,0,Jo-Wilfried Tsonga,,,0.0,0,0,0,0
1322509515865,0,null,0,Roger Federer,,,0.0,0,0,0,0
1322509515865,0,null,0,Jo-Wilfried Tsonga,,,0.0,0,0,0,0
1322509516866,0,null,0,Roger Federer,,,0.0,0,0,0,0
1322509516866,0,null,0,Jo-Wilfried Tsonga,,,0.0,0,0,0,0
1322509517866,0,null,0,Roger Federer,,,0.0,0,0,0,0
1322509517866,0,null,0,Jo-Wilfried Tsonga,,,0.0,0,0,0,0
1322509518866,0,null,0,Roger Federer,,,0.0,0,0,0,0
1322509518866,0,null,0,Jo-Wilfried Tsonga,,,0.0,0,0,0,0
1322509519867,0,null,0,Roger Federer,,,0.0,0,0,0,0
1322509519867,0,null,0,Jo-Wilfried Tsonga,,,0.0,0,0,0,0
1322509520867,0,null,0,Roger Federer,,,0.0,0,0,0,0
1322509520867,0,null,0,Jo-Wilfried Tsonga,,,0.0,0,0,0,0
1322509521867,0,null,0,Roger Federer,,,0.0,0,0,0,0
1322509521867,0,null,0,Jo-Wilfried Tsonga,,,0.0,0,0,0,0
1322509522868,0,null,0,Roger Federer,,,0.0,0,0,0,0
1322509522868,0,null,0,Jo-Wilfried Tsonga,,,0.0,0,0,0,0
1322509523868,0,null,0,Roger Federer,,,0.0,0,0,0,0
1322509523868,0,null,0,Jo-Wilfried Tsonga,,,0.0,0,0,0,0
1322509524869,0,null,0,Roger Federer,,,0.0,0,0,0,0
1322509524869,0,null,0,Jo-Wilfried Tsonga,,,0.0,0,0,0,0
1322509525869,0,null,0,Roger Federer,,,0.0,0,0,0,0
1322509525869,0,null,0,Jo-Wilfried Tsonga,,,0.0,0,0,0,0
1322509526869,0,null,0,Roger Federer,,,0.0,0,0,0,0
1322509526869,0,null,0,Jo-Wilfried Tsonga,,,0.0,0,0,0,0
1322509527870,0,null,0,Roger Federer,,,0.0,0,0,0,0
1322509527870,0,null,0,Jo-Wilfried Tsonga,,,0.0,0,0,0,0
1322509528870,0,null,0,Roger Federer,,,0.0,0,0,0,0
1322509528870,0,null,0,Jo-Wilfried Tsonga,,,0.0,0,0,0,0
1322509529870,0,null,0,Roger Federer,,,0.0,0,0,0,0
1322509529870,0,null,0,Jo-Wilfried Tsonga,,,0.0,0,0,0,0
1322509530871,0,null,0,Roger Federer,,,0.0,0,0,0,0
1322509530871,0,null,0,Jo-Wilfried Tsonga,,,0.0,0,0,0,0
1322509531871,0,null,0,Roger Federer,,,0.0,0,0,0,0
1322509531871,0,null,0,Jo-Wilfried Tsonga,,,0.0,0,0,0,0
1322509532871,0,null,0,Roger Federer,,,0.0,0,0,0,0
1322509532871,0,null,0,Jo-Wilfried Tsonga,,,0.0,0,0,0,0
1322509533872,0,null,0,Roger Federer,,,0.0,0,0,0,0
1322509533872,0,null,0,Jo-Wilfried Tsonga,,,0.0,0,0,0,0
1322509534872,0,null,0,Roger Federer,,,0.0,0,0,0,0
1322509534872,0,null,0,Jo-Wilfried Tsonga,,,0.0,0,0,0,0
1322509535872,0,null,0,Roger Federer,,,0.0,0,0,0,0
1322509535873,0,null,0,Jo-Wilfried Tsonga,,,0.0,0,0,0,0
1322509536873,0,null,0,Roger Federer,,,0.0,0,0,0,0
1322509536873,0,null,0,Jo-Wilfried Tsonga,,,0.0,0,0,0,0
1322509537873,0,null,0,Roger Federer,,,0.0,0,0,0,0
1322509537873,0,null,0,Jo-Wilfried Tsonga,,,0.0,0,0,0,0
1322509538873,0,null,0,Roger Federer,,,0.0,0,0,0,0
1322509538874,0,null,0,Jo-Wilfried Tsonga,,,0.0,0,0,0,0
1322509539874,0,null,0,Roger Federer,,,0.0,0,0,0,0
1322509539874,0,null,0,Jo-Wilfried Tsonga,,,0.0,0,0,0,0
1322509540874,0,null,0,Roger Federer,,,0.0,0,0,0,0
1322509540874,0,null,0,Jo-Wilfried Tsonga,,,0.0,0,0,0,0
1322509541875,0,null,0,Roger Federer,,,0.0,0,0,0,0
1322509541875,0,null,0,Jo-Wilfried Tsonga,,,0.0,0,0,0,0
1322509542875,0,null,0,Roger Federer,,,0.0,0,0,0,0
1322509542875,0,null,0,Jo-Wilfried Tsonga,,,0.0,0,0,0,0
1322509543875,0,null,0,Roger Federer,,,0.0,0,0,0,0
1322509543875,0,null,0,Jo-Wilfried Tsonga,,,0.0,0,0,0,0
1322509544876,0,null,0,Roger Federer,,,0.0,0,0,0,0
1322509544876,0,null,0,Jo-Wilfried Tsonga,,,0.0,0,0,0,0
1322509545876,0,null,0,Roger Federer,,,0.0,0,0,0,0
1322509545876,0,null,0,Jo-Wilfried Tsonga,,,0.0,0,0,0,0
1322509546876,0,null,0,Roger Federer,,,0.0,0,0,0,0
1322509546876,0,null,0,Jo-Wilfried Tsonga,,,0.0,0,0,0,0
1322509547877,0,null,0,Roger Federer,,,0.0,0,0,0,0
1322509547877,0,null,0,Jo-Wilfried Tsonga,,,0.0,0,0,0,0
1322509548877,0,null,0,Roger Federer,,,0.0,0,0,0,0
1322509548877,0,null,0,Jo-Wilfried Tsonga,,,0.0,0,0,0,0
1322509549877,0,null,0,Roger Federer,,,0.0,0,0,0,0
1322509549877,0,null,0,Jo-Wilfried Tsonga,,,0.0,0,0,0,0
1322509550878,0,null,0,Roger Federer,,,0.0,0,0,0,0
1322509550878,0,null,0,Jo-Wilfried Tsonga,,,0.0,0,0,0,0
1322509551878,0,null,0,Roger Federer,,,0.0,0,0,0,0
1322509551878,0,null,0,Jo-Wilfried Tsonga,,,0.0,0,0,0,0
1322509552878,0,null,0,Roger Federer,,,0.0,0,0,0,0
1322509552879,0,null,0,Jo-Wilfried Tsonga,,,0.0,0,0,0,0
1322509553879,0,null,0,Roger Federer,,,0.0,0,0,0,0
1322509553879,0,null,0,Jo-Wilfried Tsonga,,,0.0,0,0,0,0
1322509554879,0,null,0,Roger Federer,,,0.0,0,0,0,0
1322509554879,0,null,0,Jo-Wilfried Tsonga,,,0.0,0,0,0,0
1322509555879,0,null,0,Roger Federer,,,0.0,0,0,0,0
1322509555880,0,null,0,Jo-Wilfried Tsonga,,,0.0,0,0,0,0
1322509556880,0,null,0,Roger Federer,,,0.0,0,0,0,0
1322509556880,0,null,0,Jo-Wilfried Tsonga,,,0.0,0,0,0,0
1322509557880,0,null,0,Roger Federer,,,0.0,0,0,0,0
1322509557880,0,null,0,Jo-Wilfried Tsonga,,,0.0,0,0,0,0
1322509558880,0,null,0,Roger Federer,,,0.0,0,0,0,0
1322509558881,0,null,0,Jo-Wilfried Tsonga,,,0.0,0,0,0,0
1322509559881,0,null,0,Roger Federer,,,0.0,0,0,0,0
1322509559881,0,null,0,Jo-Wilfried Tsonga,,,0.0,0,0,0,0
1322509560881,0,null,0,Roger Federer,,,0.0,0,0,0,0
1322509560881,0,null,0,Jo-Wilfried Tsonga,,,0.0,0,0,0,0
1322509561882,0,null,0,Roger Federer,,,0.0,0,0,0,0
1322509561882,0,null,0,Jo-Wilfried Tsonga,,,0.0,0,0,0,0
1322509562882,0,null,0,Roger Federer,,,0.0,0,0,0,0
1322509562882,0,null,0,Jo-Wilfried Tsonga,,,0.0,0,0,0,0
1322509563882,0,null,0,Roger Federer,,,0.0,0,0,0,0
1322509563882,0,null,0,Jo-Wilfried Tsonga,,,0.0,0,0,0,0
1322509564883,0,null,0,Roger Federer,,,0.0,0,0,0,0
1322509564883,0,null,0,Jo-Wilfried Tsonga,,,0.0,0,0,0,0
1322509565883,0,null,0,Roger Federer,,,0.0,0,0,0,0
1322509565883,0,null,0,Jo-Wilfried Tsonga,,,0.0,0,0,0,0
1322509566883,0,null,0,Roger Federer,,,0.0,0,0,0,0
1322509566883,0,null,0,Jo-Wilfried Tsonga,,,0.0,0,0,0,0
1322509567884,0,null,0,Roger Federer,,,0.0,0,0,0,0
1322509567884,0,null,0,Jo-Wilfried Tsonga,,,0.0,0,0,0,0
1322509568884,0,null,0,Roger Federer,,,0.0,0,0,0,0
1322509568884,0,null,0,Jo-Wilfried Tsonga,,,0.0,0,0,0,0
1322509569884,0,null,0,Roger Federer,,,0.0,0,0,0,0
1322509569884,0,null,0,Jo-Wilfried Tsonga,,,0.0,0,0,0,0
1322509570885,0,null,0,Roger Federer,,,0.0,0,0,0,0
1322509570885,0,null,0,Jo-Wilfried Tsonga,,,0.0,0,0,0,0
1322509571885,0,null,0,Roger Federer,,,0.0,0,0,0,0
1322509571885,0,null,0,Jo-Wilfried Tsonga,,,0.0,0,0,0,0
1322509572885,0,null,0,Roger Federer,,,0.0,0,0,0,0
1322509572886,0,null,0,Jo-Wilfried Tsonga,,,0.0,0,0,0,0
1322509573886,0,null,0,Roger Federer,,,0.0,0,0,0,0
1322509573886,0,null,0,Jo-Wilfried Tsonga,,,0.0,0,0,0,0
1322509574886,0,null,0,Roger Federer,,,0.0,0,0,0,0
1322509574886,0,null,0,Jo-Wilfried Tsonga,,,0.0,0,0,0,0
1322509575886,0,null,0,Roger Federer,,,0.0,0,0,0,0
1322509575887,0,null,0,Jo-Wilfried Tsonga,,,0.0,0,0,0,0
1322509576887,0,null,0,Roger Federer,,,0.0,0,0,0,0
1322509576887,0,null,0,Jo-Wilfried Tsonga,,,0.0,0,0,0,0
1322509577887,0,null,0,Roger Federer,,,0.0,0,0,0,0
1322509577887,0,null,0,Jo-Wilfried Tsonga,,,0.0,0,0,0,0
1322509578887,0,null,0,Roger Federer,,,0.0,0,0,0,0
1322509578888,0,null,0,Jo-Wilfried Tsonga,,,0.0,0,0,0,0
1322509579888,0,null,0,Roger Federer,,,0.0,0,0,0,0
1322509579888,0,null,0,Jo-Wilfried Tsonga,,,0.0,0,0,0,0
1322509580888,0,null,0,Roger Federer,,,0.0,0,0,0,0
1322509580888,0,null,0,Jo-Wilfried Tsonga,,,0.0,0,0,0,0
1322509581889,0,null,0,Roger Federer,,,0.0,0,0,0,0
1322509581889,0,null,0,Jo-Wilfried Tsonga,,,0.0,0,0,0,0
1322509582889,0,null,0,Roger Federer,,,0.0,0,0,0,0
1322509582889,0,null,0,Jo-Wilfried Tsonga,,,0.0,0,0,0,0
1322509583889,0,null,0,Roger Federer,,,0.0,0,0,0,0
1322509583890,0,null,0,Jo-Wilfried Tsonga,,,0.0,0,0,0,0
1322509584890,0,null,0,Roger Federer,,,0.0,0,0,0,0
1322509584890,0,null,0,Jo-Wilfried Tsonga,,,0.0,0,0,0,0
1322509585890,0,null,0,Roger Federer,,,0.0,0,0,0,0
1322509585890,0,null,0,Jo-Wilfried Tsonga,,,0.0,0,0,0,0
1322509586890,0,null,0,Roger Federer,,,0.0,0,0,0,0
1322509586891,0,null,0,Jo-Wilfried Tsonga,,,0.0,0,0,0,0
1322509587891,0,null,0,Roger Federer,,,0.0,0,0,0,0
1322509587891,0,null,0,Jo-Wilfried Tsonga,,,0.0,0,0,0,0
1322509588891,0,null,0,Roger Federer,,,0.0,0,0,0,0
1322509588891,0,null,0,Jo-Wilfried Tsonga,,,0.0,0,0,0,0
1322509589891,0,null,0,Roger Federer,,,0.0,0,0,0,0
1322509589892,0,null,0,Jo-Wilfried Tsonga,,,0.0,0,0,0,0
1322509590892,0,null,0,Roger Federer,,,0.0,0,0,0,0
1322509590892,0,null,0,Jo-Wilfried Tsonga,,,0.0,0,0,0,0
1322509591892,0,null,0,Roger Federer,,,0.0,0,0,0,0
1322509591892,0,null,0,Jo-Wilfried Tsonga,,,0.0,0,0,0,0
1322509592892,0,null,0,Roger Federer,,,0.0,0,0,0,0
1322509592893,0,null,0,Jo-Wilfried Tsonga,,,0.0,0,0,0,0
1322509593893,0,null,0,Roger Federer,,,0.0,0,0,0,0
1322509593893,0,null,0,Jo-Wilfried Tsonga,,,0.0,0,0,0,0
1322509594893,0,null,0,Roger Federer,,,0.0,0,0,0,0
1322509594893,0,null,0,Jo-Wilfried Tsonga,,,0.0,0,0,0,0
1322509595894,0,null,0,Roger Federer,,,0.0,0,0,0,0
1322509595894,0,null,0,Jo-Wilfried Tsonga,,,0.0,0,0,0,0
1322509596894,0,null,0,Roger Federer,,,0.0,0,0,0,0
1322509596894,0,null,0,Jo-Wilfried Tsonga,,,0.0,0,0,0,0
1322509597894,0,null,0,Roger Federer,,,0.0,0,0,0,0
1322509597894,0,null,0,Jo-Wilfried Tsonga,,,0.0,0,0,0,0
1322509598895,0,null,0,Roger Federer,,,0.0,0,0,0,0
1322509598895,0,null,0,Jo-Wilfried Tsonga,,,0.0,0,0,0,0
1322509599895,0,null,0,Roger Federer,,,0.0,0,0,0,0
1322509599895,0,null,0,Jo-Wilfried Tsonga,,,0.0,0,0,0,0
1322509600895,0,null,0,Roger Federer,,,0.0,0,0,0,0
1322509600896,0,null,0,Jo-Wilfried Tsonga,,,0.0,0,0,0,0
1322509601896,0,null,0,Roger Federer,,,0.0,0,0,0,0
1322509601896,0,null,0,Jo-Wilfried Tsonga,,,0.0,0,0,0,0
1322509602896,0,null,0,Roger Federer,,,0.0,0,0,0,0
1322509602896,0,null,0,Jo-Wilfried Tsonga,,,0.0,0,0,0,0
1322509603896,0,null,0,Roger Federer,,,0.0,0,0,0,0
1322509603897,0,null,0,Jo-Wilfried Tsonga,,,0.0,0,0,0,0
1322509604897,0,null,0,Roger Federer,,,0.0,0,0,0,0
1322509604897,0,null,0,Jo-Wilfried Tsonga,,,0.0,0,0,0,0
1322509605897,0,null,0,Roger Federer,,,0.0,0,0,0,0
1322509605897,0,null,0,Jo-Wilfried Tsonga,,,0.0,0,0,0,0
1322509606898,0,null,0,Roger Federer,,,0.0,0,0,0,0
1322509606898,0,null,0,Jo-Wilfried Tsonga,,,0.0,0,0,0,0
1322509607898,0,null,0,Roger Federer,,,0.0,0,0,0,0
1322509607898,0,null,0,Jo-Wilfried Tsonga,,,0.0,0,0,0,0
1322509608898,0,null,0,Roger Federer,,,0.0,0,0,0,0
1322509608898,0,null,0,Jo-Wilfried Tsonga,,,0.0,0,0,0,0
1322509609899,0,null,0,Roger Federer,,,0.0,0,0,0,0
1322509609899,0,null,0,Jo-Wilfried Tsonga,,,0.0,0,0,0,0
1322509610899,0,null,0,Roger Federer,,,0.0,0,0,0,0
1322509610899,0,null,0,Jo-Wilfried Tsonga,,,0.0,0,0,0,0
1322509611899,0,null,0,Roger Federer,,,0.0,0,0,0,0
1322509611899,0,null,0,Jo-Wilfried Tsonga,,,0.0,0,0,0,0
1322509612900,0,null,0,Roger Federer,,,0.0,0,0,0,0
1322509612900,0,null,0,Jo-Wilfried Tsonga,,,0.0,0,0,0,0
1322509613900,0,null,0,Roger Federer,,,0.0,0,0,0,0
1322509613900,0,null,0,Jo-Wilfried Tsonga,,,0.0,0,0,0,0
1322509614900,0,null,0,Roger Federer,,,0.0,0,0,0,0
1322509614900,0,null,0,Jo-Wilfried Tsonga,,,0.0,0,0,0,0
1322509615901,0,null,0,Roger Federer,,,0.0,0,0,0,0
1322509615901,0,null,0,Jo-Wilfried Tsonga,,,0.0,0,0,0,0
1322509616901,0,null,0,Roger Federer,,,0.0,0,0,0,0
1322509616901,0,null,0,Jo-Wilfried Tsonga,,,0.0,0,0,0,0
1322509617901,0,null,0,Roger Federer,,,0.0,0,0,0,0
1322509617901,0,null,0,Jo-Wilfried Tsonga,,,0.0,0,0,0,0
1322509618902,0,null,0,Roger Federer,,,0.0,0,0,0,0
1322509618902,0,null,0,Jo-Wilfried Tsonga,,,0.0,0,0,0,0
1322509619902,0,null,0,Roger Federer,,,0.0,0,0,0,0
1322509619902,0,null,0,Jo-Wilfried Tsonga,,,0.0,0,0,0,0
1322509620902,0,null,0,Roger Federer,,,0.0,0,0,0,0
1322509620902,0,null,0,Jo-Wilfried Tsonga,,,0.0,0,0,0,0
1322509621903,0,null,0,Roger Federer,,,0.0,0,0,0,0
1322509621903,0,null,0,Jo-Wilfried Tsonga,,,0.0,0,0,0,0
1322509622903,0,null,0,Roger Federer,,,0.0,0,0,0,0
1322509622903,0,null,0,Jo-Wilfried Tsonga,,,0.0,0,0,0,0
1322509623903,0,null,0,Roger Federer,,,0.0,0,0,0,0
1322509623904,0,null,0,Jo-Wilfried Tsonga,,,0.0,0,0,0,0
1322509624904,0,null,0,Roger Federer,,,0.0,0,0,0,0
1322509624904,0,null,0,Jo-Wilfried Tsonga,,,0.0,0,0,0,0
1322509625904,0,null,0,Roger Federer,,,0.0,0,0,0,0
1322509625904,0,null,0,Jo-Wilfried Tsonga,,,0.0,0,0,0,0
1322509626904,0,null,0,Roger Federer,,,0.0,0,0,0,0
1322509626905,0,null,0,Jo-Wilfried Tsonga,,,0.0,0,0,0,0
1322509627905,0,null,0,Roger Federer,,,0.0,0,0,0,0
1322509627905,0,null,0,Jo-Wilfried Tsonga,,,0.0,0,0,0,0
1322509628905,0,null,0,Roger Federer,,,0.0,0,0,0,0
1322509628905,0,null,0,Jo-Wilfried Tsonga,,,0.0,0,0,0,0
1322509629905,0,null,0,Roger Federer,,,0.0,0,0,0,0
1322509629906,0,null,0,Jo-Wilfried Tsonga,,,0.0,0,0,0,0
1322509630906,0,null,0,Roger Federer,,,0.0,0,0,0,0
1322509630906,0,null,0,Jo-Wilfried Tsonga,,,0.0,0,0,0,0
1322509631906,0,null,0,Roger Federer,,,0.0,0,0,0,0
1322509631906,0,null,0,Jo-Wilfried Tsonga,,,0.0,0,0,0,0
1322509632907,0,null,0,Roger Federer,,,0.0,0,0,0,0
1322509632907,0,null,0,Jo-Wilfried Tsonga,,,0.0,0,0,0,0
1322509633907,0,null,0,Roger Federer,,,0.0,0,0,0,0
1322509633907,0,null,0,Jo-Wilfried Tsonga,,,0.0,0,0,0,0
1322509634907,0,null,0,Roger Federer,,,0.0,0,0,0,0
1322509634907,0,null,0,Jo-Wilfried Tsonga,,,0.0,0,0,0,0
1322509635908,0,null,0,Roger Federer,,,0.0,0,0,0,0
1322509635908,0,null,0,Jo-Wilfried Tsonga,,,0.0,0,0,0,0
1322509636908,0,null,0,Roger Federer,,,0.0,0,0,0,0
1322509636908,0,null,0,Jo-Wilfried Tsonga,,,0.0,0,0,0,0
1322509637908,0,null,0,Roger Federer,,,0.0,0,0,0,0
1322509637908,0,null,0,Jo-Wilfried Tsonga,,,0.0,0,0,0,0
1322509638909,0,null,0,Roger Federer,,,0.0,0,0,0,0
1322509638909,0,null,0,Jo-Wilfried Tsonga,,,0.0,0,0,0,0
1322509639909,0,null,0,Roger Federer,,,0.0,0,0,0,0
1322509639909,0,null,0,Jo-Wilfried Tsonga,,,0.0,0,0,0,0
1322509640909,0,null,0,Roger Federer,,,0.0,0,0,0,0
1322509640909,0,null,0,Jo-Wilfried Tsonga,,,0.0,0,0,0,0
1322509641910,0,null,0,Roger Federer,,,0.0,0,0,0,0
1322509641910,0,null,0,Jo-Wilfried Tsonga,,,0.0,0,0,0,0
1322509642910,0,null,0,Roger Federer,,,0.0,0,0,0,0
1322509642910,0,null,0,Jo-Wilfried Tsonga,,,0.0,0,0,0,0
1322509643910,0,null,0,Roger Federer,,,0.0,0,0,0,0
1322509643911,0,null,0,Jo-Wilfried Tsonga,,,0.0,0,0,0,0
1322509644911,0,null,0,Roger Federer,,,0.0,0,0,0,0
1322509644911,0,null,0,Jo-Wilfried Tsonga,,,0.0,0,0,0,0
1322509645911,0,null,0,Roger Federer,,,0.0,0,0,0,0
1322509645911,0,null,0,Jo-Wilfried Tsonga,,,0.0,0,0,0,0
1322509646911,0,null,0,Roger Federer,,,0.0,0,0,0,0
1322509646912,0,null,0,Jo-Wilfried Tsonga,,,0.0,0,0,0,0
1322509647912,0,null,0,Roger Federer,,,0.0,0,0,0,0
1322509647912,0,null,0,Jo-Wilfried Tsonga,,,0.0,0,0,0,0
1322509648912,0,null,0,Roger Federer,,,0.0,0,0,0,0
1322509648912,0,null,0,Jo-Wilfried Tsonga,,,0.0,0,0,0,0
1322509649912,0,null,0,Roger Federer,,,0.0,0,0,0,0
1322509649913,0,null,0,Jo-Wilfried Tsonga,,,0.0,0,0,0,0
1322509650913,0,null,0,Roger Federer,,,0.0,0,0,0,0
1322509650913,0,null,0,Jo-Wilfried Tsonga,,,0.0,0,0,0,0
1322509651913,0,null,0,Roger Federer,,,0.0,0,0,0,0
1322509651913,0,null,0,Jo-Wilfried Tsonga,,,0.0,0,0,0,0
1322509652914,0,null,0,Roger Federer,,,0.0,0,0,0,0
1322509652914,0,null,0,Jo-Wilfried Tsonga,,,0.0,0,0,0,0
1322509653914,0,null,0,Roger Federer,,,0.0,0,0,0,0
1322509653914,0,null,0,Jo-Wilfried Tsonga,,,0.0,0,0,0,0
1322509654914,0,null,0,Roger Federer,,,0.0,0,0,0,0
1322509654914,0,null,0,Jo-Wilfried Tsonga,,,0.0,0,0,0,0
1322509655915,0,null,0,Roger Federer,,,0.0,0,0,0,0
1322509655915,0,null,0,Jo-Wilfried Tsonga,,,0.0,0,0,0,0
1322509656915,0,null,0,Roger Federer,,,0.0,0,0,0,0
1322509656915,0,null,0,Jo-Wilfried Tsonga,,,0.0,0,0,0,0
1322509657915,0,null,0,Roger Federer,,,0.0,0,0,0,0
1322509657915,0,null,0,Jo-Wilfried Tsonga,,,0.0,0,0,0,0
1322509658916,0,null,0,Roger Federer,,,0.0,0,0,0,0
1322509658916,0,null,0,Jo-Wilfried Tsonga,,,0.0,0,0,0,0
1322509659916,0,null,0,Roger Federer,,,0.0,0,0,0,0
1322509659916,0,null,0,Jo-Wilfried Tsonga,,,0.0,0,0,0,0
1322509660916,0,null,0,Roger Federer,,,0.0,0,0,0,0
1322509660916,0,null,0,Jo-Wilfried Tsonga,,,0.0,0,0,0,0
1322509661917,0,null,0,Roger Federer,,,0.0,0,0,0,0
1322509661917,0,null,0,Jo-Wilfried Tsonga,,,0.0,0,0,0,0
1322509662917,0,null,0,Roger Federer,,,0.0,0,0,0,0
1322509662917,0,null,0,Jo-Wilfried Tsonga,,,0.0,0,0,0,0
1322509663917,0,null,0,Roger Federer,,,0.0,0,0,0,0
1322509663918,0,null,0,Jo-Wilfried Tsonga,,,0.0,0,0,0,0
1322509664918,0,null,0,Roger Federer,,,0.0,0,0,0,0
1322509664918,0,null,0,Jo-Wilfried Tsonga,,,0.0,0,0,0,0
1322509665918,0,null,0,Roger Federer,,,0.0,0,0,0,0
1322509665918,0,null,0,Jo-Wilfried Tsonga,,,0.0,0,0,0,0
1322509666919,0,null,0,Roger Federer,,,0.0,0,0,0,0
1322509666919,0,null,0,Jo-Wilfried Tsonga,,,0.0,0,0,0,0
1322509667919,0,null,0,Roger Federer,,,0.0,0,0,0,0
1322509667919,0,null,0,Jo-Wilfried Tsonga,,,0.0,0,0,0,0
1322509668919,0,null,0,Roger Federer,,,0.0,0,0,0,0
1322509668919,0,null,0,Jo-Wilfried Tsonga,,,0.0,0,0,0,0
1322509669920,0,null,0,Roger Federer,,,0.0,0,0,0,0
1322509669920,0,null,0,Jo-Wilfried Tsonga,,,0.0,0,0,0,0
1322509670920,0,null,0,Roger Federer,,,0.0,0,0,0,0
1322509670920,0,null,0,Jo-Wilfried Tsonga,,,0.0,0,0,0,0
1322509671920,0,null,0,Roger Federer,,,0.0,0,0,0,0
1322509671921,0,null,0,Jo-Wilfried Tsonga,,,0.0,0,0,0,0
1322509672921,0,null,0,Roger Federer,,,0.0,0,0,0,0
1322509672921,0,null,0,Jo-Wilfried Tsonga,,,0.0,0,0,0,0
1322509673921,0,null,0,Roger Federer,,,0.0,0,0,0,0
1322509673921,0,null,0,Jo-Wilfried Tsonga,,,0.0,0,0,0,0
1322509674921,0,null,0,Roger Federer,,,0.0,0,0,0,0
1322509674922,0,null,0,Jo-Wilfried Tsonga,,,0.0,0,0,0,0
1322509675922,0,null,0,Roger Federer,,,0.0,0,0,0,0
1322509675922,0,null,0,Jo-Wilfried Tsonga,,,0.0,0,0,0,0
1322509676922,0,null,0,Roger Federer,,,0.0,0,0,0,0
1322509676922,0,null,0,Jo-Wilfried Tsonga,,,0.0,0,0,0,0
1322509677923,0,null,0,Roger Federer,,,0.0,0,0,0,0
1322509677923,0,null,0,Jo-Wilfried Tsonga,,,0.0,0,0,0,0
1322509678923,0,null,0,Roger Federer,,,0.0,0,0,0,0
1322509678923,0,null,0,Jo-Wilfried Tsonga,,,0.0,0,0,0,0
1322509679923,0,null,0,Roger Federer,,,0.0,0,0,0,0
1322509679923,0,null,0,Jo-Wilfried Tsonga,,,0.0,0,0,0,0
1322509680924,0,null,0,Roger Federer,,,0.0,0,0,0,0
1322509680924,0,null,0,Jo-Wilfried Tsonga,,,0.0,0,0,0,0
1322509681924,0,null,0,Roger Federer,,,0.0,0,0,0,0
1322509681924,0,null,0,Jo-Wilfried Tsonga,,,0.0,0,0,0,0
1322509682924,0,null,0,Roger Federer,,,0.0,0,0,0,0
1322509682925,0,null,0,Jo-Wilfried Tsonga,,,0.0,0,0,0,0
1322509683925,0,null,0,Roger Federer,,,0.0,0,0,0,0
1322509683925,0,null,0,Jo-Wilfried Tsonga,,,0.0,0,0,0,0
1322509684925,0,null,0,Roger Federer,,,0.0,0,0,0,0
1322509684925,0,null,0,Jo-Wilfried Tsonga,,,0.0,0,0,0,0
1322509685925,0,null,0,Roger Federer,,,0.0,0,0,0,0
1322509685926,0,null,0,Jo-Wilfried Tsonga,,,0.0,0,0,0,0
1322509686926,0,null,0,Roger Federer,,,0.0,0,0,0,0
1322509686926,0,null,0,Jo-Wilfried Tsonga,,,0.0,0,0,0,0
1322509687926,0,null,0,Roger Federer,,,0.0,0,0,0,0
1322509687926,0,null,0,Jo-Wilfried Tsonga,,,0.0,0,0,0,0
1322509688926,0,null,0,Roger Federer,,,0.0,0,0,0,0
1322509688927,0,null,0,Jo-Wilfried Tsonga,,,0.0,0,0,0,0
1322509689927,0,null,0,Roger Federer,,,0.0,0,0,0,0
1322509689927,0,null,0,Jo-Wilfried Tsonga,,,0.0,0,0,0,0
1322509690927,0,null,0,Roger Federer,,,0.0,0,0,0,0
1322509690927,0,null,0,Jo-Wilfried Tsonga,,,0.0,0,0,0,0
1322509691928,0,null,0,Roger Federer,,,0.0,0,0,0,0
1322509691928,0,null,0,Jo-Wilfried Tsonga,,,0.0,0,0,0,0
1322509692928,0,null,0,Roger Federer,,,0.0,0,0,0,0
1322509692928,0,null,0,Jo-Wilfried Tsonga,,,0.0,0,0,0,0
1322509693928,0,null,0,Roger Federer,,,0.0,0,0,0,0
1322509693928,0,null,0,Jo-Wilfried Tsonga,,,0.0,0,0,0,0
1322509694929,0,null,0,Roger Federer,,,0.0,0,0,0,0
1322509694929,0,null,0,Jo-Wilfried Tsonga,,,0.0,0,0,0,0
1322509695929,0,null,0,Roger Federer,,,0.0,0,0,0,0
1322509695929,0,null,0,Jo-Wilfried Tsonga,,,0.0,0,0,0,0
1322509696929,0,null,0,Roger Federer,,,0.0,0,0,0,0
1322509696930,0,null,0,Jo-Wilfried Tsonga,,,0.0,0,0,0,0
1322509697930,0,null,0,Roger Federer,,,0.0,0,0,0,0
1322509697930,0,null,0,Jo-Wilfried Tsonga,,,0.0,0,0,0,0
1322509698930,0,null,0,Roger Federer,,,0.0,0,0,0,0
1322509698930,0,null,0,Jo-Wilfried Tsonga,,,0.0,0,0,0,0
1322509699931,0,null,0,Roger Federer,,,0.0,0,0,0,0
1322509699931,0,null,0,Jo-Wilfried Tsonga,,,0.0,0,0,0,0
1322509700931,0,null,0,Roger Federer,,,0.0,0,0,0,0
1322509700931,0,null,0,Jo-Wilfried Tsonga,,,0.0,0,0,0,0
1322509701931,0,null,0,Roger Federer,,,0.0,0,0,0,0
1322509701931,0,null,0,Jo-Wilfried Tsonga,,,0.0,0,0,0,0
1322509702932,0,null,0,Roger Federer,,,0.0,0,0,0,0
1322509702932,0,null,0,Jo-Wilfried Tsonga,,,0.0,0,0,0,0
1322509703932,0,null,0,Roger Federer,,,0.0,0,0,0,0
1322509703932,0,null,0,Jo-Wilfried Tsonga,,,0.0,0,0,0,0
1322509704932,0,null,0,Roger Federer,,,0.0,0,0,0,0
1322509704932,0,null,0,Jo-Wilfried Tsonga,,,0.0,0,0,0,0
1322509705933,0,null,0,Roger Federer,,,0.0,0,0,0,0
1322509705933,0,null,0,Jo-Wilfried Tsonga,,,0.0,0,0,0,0
1322509706933,0,null,0,Roger Federer,,,0.0,0,0,0,0
1322509706933,0,null,0,Jo-Wilfried Tsonga,,,0.0,0,0,0,0
1322509707933,0,null,0,Roger Federer,,,0.0,0,0,0,0
1322509707933,0,null,0,Jo-Wilfried Tsonga,,,0.0,0,0,0,0
1322509708934,0,null,0,Roger Federer,,,0.0,0,0,0,0
1322509708934,0,null,0,Jo-Wilfried Tsonga,,,0.0,0,0,0,0
1322509709934,0,null,0,Roger Federer,,,0.0,0,0,0,0
1322509709934,0,null,0,Jo-Wilfried Tsonga,,,0.0,0,0,0,0
1322509710934,0,null,0,Roger Federer,,,0.0,0,0,0,0
1322509710935,0,null,0,Jo-Wilfried Tsonga,,,0.0,0,0,0,0
1322509711935,0,null,0,Roger Federer,,,0.0,0,0,0,0
1322509711935,0,null,0,Jo-Wilfried Tsonga,,,0.0,0,0,0,0
1322509712935,0,null,0,Roger Federer,,,0.0,0,0,0,0
1322509712935,0,null,0,Jo-Wilfried Tsonga,,,0.0,0,0,0,0
1322509713935,0,null,0,Roger Federer,,,0.0,0,0,0,0
1322509713936,0,null,0,Jo-Wilfried Tsonga,,,0.0,0,0,0,0
1322509714936,0,null,0,Roger Federer,,,0.0,0,0,0,0
1322509714936,0,null,0,Jo-Wilfried Tsonga,,,0.0,0,0,0,0
1322509715936,0,null,0,Roger Federer,,,0.0,0,0,0,0
1322509715936,0,null,0,Jo-Wilfried Tsonga,,,0.0,0,0,0,0
1322509716936,0,null,0,Roger Federer,,,0.0,0,0,0,0
1322509716937,0,null,0,Jo-Wilfried Tsonga,,,0.0,0,0,0,0
1322509717937,0,null,0,Roger Federer,,,0.0,0,0,0,0
1322509717937,0,null,0,Jo-Wilfried Tsonga,,,0.0,0,0,0,0
1322509718937,0,null,0,Roger Federer,,,0.0,0,0,0,0
1322509718937,0,null,0,Jo-Wilfried Tsonga,,,0.0,0,0,0,0
1322509719937,0,null,0,Roger Federer,,,0.0,0,0,0,0
1322509719938,0,null,0,Jo-Wilfried Tsonga,,,0.0,0,0,0,0
1322509720938,0,null,0,Roger Federer,,,0.0,0,0,0,0
1322509720938,0,null,0,Jo-Wilfried Tsonga,,,0.0,0,0,0,0
1322509721938,0,null,0,Roger Federer,,,0.0,0,0,0,0
1322509721938,0,null,0,Jo-Wilfried Tsonga,,,0.0,0,0,0,0
1322509722939,0,null,0,Roger Federer,,,0.0,0,0,0,0
1322509722939,0,null,0,Jo-Wilfried Tsonga,,,0.0,0,0,0,0
1322509723939,0,null,0,Roger Federer,,,0.0,0,0,0,0
1322509723939,0,null,0,Jo-Wilfried Tsonga,,,0.0,0,0,0,0
1322509724939,0,null,0,Roger Federer,,,0.0,0,0,0,0
1322509724939,0,null,0,Jo-Wilfried Tsonga,,,0.0,0,0,0,0
1322509725940,0,null,0,Roger Federer,,,0.0,0,0,0,0
1322509725940,0,null,0,Jo-Wilfried Tsonga,,,0.0,0,0,0,0
1322509726940,0,null,0,Roger Federer,,,0.0,0,0,0,0
1322509726940,0,null,0,Jo-Wilfried Tsonga,,,0.0,0,0,0,0
1322509727940,0,null,0,Roger Federer,,,0.0,0,0,0,0
1322509727940,0,null,0,Jo-Wilfried Tsonga,,,0.0,0,0,0,0
1322509728941,0,null,0,Roger Federer,,,0.0,0,0,0,0
1322509728941,0,null,0,Jo-Wilfried Tsonga,,,0.0,0,0,0,0
1322509729941,0,null,0,Roger Federer,,,0.0,0,0,0,0
1322509729941,0,null,0,Jo-Wilfried Tsonga,,,0.0,0,0,0,0
1322509730941,0,null,0,Roger Federer,,,0.0,0,0,0,0
1322509730942,0,null,0,Jo-Wilfried Tsonga,,,0.0,0,0,0,0
1322509731942,0,null,0,Roger Federer,,,0.0,0,0,0,0
1322509731942,0,null,0,Jo-Wilfried Tsonga,,,0.0,0,0,0,0
1322509732942,0,null,0,Roger Federer,,,0.0,0,0,0,0
1322509732942,0,null,0,Jo-Wilfried Tsonga,,,0.0,0,0,0,0
1322509733942,0,null,0,Roger Federer,,,0.0,0,0,0,0
1322509733943,0,null,0,Jo-Wilfried Tsonga,,,0.0,0,0,0,0
1322509734943,0,null,0,Roger Federer,,,0.0,0,0,0,0
1322509734943,0,null,0,Jo-Wilfried Tsonga,,,0.0,0,0,0,0
1322509735943,0,null,0,Roger Federer,,,0.0,0,0,0,0
1322509735943,0,null,0,Jo-Wilfried Tsonga,,,0.0,0,0,0,0
1322509736944,0,null,0,Roger Federer,,,0.0,0,0,0,0
1322509736944,0,null,0,Jo-Wilfried Tsonga,,,0.0,0,0,0,0
1322509737944,0,null,0,Roger Federer,,,0.0,0,0,0,0
1322509737944,0,null,0,Jo-Wilfried Tsonga,,,0.0,0,0,0,0
1322509738944,0,null,0,Roger Federer,,,0.0,0,0,0,0
1322509738944,0,null,0,Jo-Wilfried Tsonga,,,0.0,0,0,0,0
1322509739945,0,null,0,Roger Federer,,,0.0,0,0,0,0
1322509739945,0,null,0,Jo-Wilfried Tsonga,,,0.0,0,0,0,0
1322509740945,0,null,0,Roger Federer,,,0.0,0,0,0,0
1322509740945,0,null,0,Jo-Wilfried Tsonga,,,0.0,0,0,0,0
1322509741945,0,null,0,Roger Federer,,,0.0,0,0,0,0
1322509741946,0,null,0,Jo-Wilfried Tsonga,,,0.0,0,0,0,0
1322509742946,0,null,0,Roger Federer,,,0.0,0,0,0,0
1322509742946,0,null,0,Jo-Wilfried Tsonga,,,0.0,0,0,0,0
1322509743946,0,null,0,Roger Federer,,,0.0,0,0,0,0
1322509743946,0,null,0,Jo-Wilfried Tsonga,,,0.0,0,0,0,0
1322509744946,0,null,0,Roger Federer,,,0.0,0,0,0,0
1322509744947,0,null,0,Jo-Wilfried Tsonga,,,0.0,0,0,0,0
1322509745947,0,null,0,Roger Federer,,,0.0,0,0,0,0
1322509745947,0,null,0,Jo-Wilfried Tsonga,,,0.0,0,0,0,0
1322509746947,0,null,0,Roger Federer,,,0.0,0,0,0,0
1322509746947,0,null,0,Jo-Wilfried Tsonga,,,0.0,0,0,0,0
1322509747948,0,null,0,Roger Federer,,,0.0,0,0,0,0
1322509747948,0,null,0,Jo-Wilfried Tsonga,,,0.0,0,0,0,0
1322509748948,0,null,0,Roger Federer,,,0.0,0,0,0,0
1322509748948,0,null,0,Jo-Wilfried Tsonga,,,0.0,0,0,0,0
1322509749948,0,null,0,Roger Federer,,,0.0,0,0,0,0
1322509749948,0,null,0,Jo-Wilfried Tsonga,,,0.0,0,0,0,0
1322509750949,0,null,0,Roger Federer,,,0.0,0,0,0,0
1322509750949,0,null,0,Jo-Wilfried Tsonga,,,0.0,0,0,0,0
1322509751949,0,null,0,Roger Federer,,,0.0,0,0,0,0
1322509751949,0,null,0,Jo-Wilfried Tsonga,,,0.0,0,0,0,0
1322509752949,0,null,0,Roger Federer,,,0.0,0,0,0,0
1322509752950,0,null,0,Jo-Wilfried Tsonga,,,0.0,0,0,0,0
1322509753950,0,null,0,Roger Federer,,,0.0,0,0,0,0
1322509753950,0,null,0,Jo-Wilfried Tsonga,,,0.0,0,0,0,0
1322509754950,0,null,0,Roger Federer,,,0.0,0,0,0,0
1322509754950,0,null,0,Jo-Wilfried Tsonga,,,0.0,0,0,0,0
1322509755950,0,null,0,Roger Federer,,,0.0,0,0,0,0
1322509755951,0,null,0,Jo-Wilfried Tsonga,,,0.0,0,0,0,0
1322509756951,0,null,0,Roger Federer,,,0.0,0,0,0,0
1322509756951,0,null,0,Jo-Wilfried Tsonga,,,0.0,0,0,0,0
1322509757951,0,null,0,Roger Federer,,,0.0,0,0,0,0
1322509757951,0,null,0,Jo-Wilfried Tsonga,,,0.0,0,0,0,0
1322509758951,0,null,0,Roger Federer,,,0.0,0,0,0,0
1322509758952,0,null,0,Jo-Wilfried Tsonga,,,0.0,0,0,0,0
1322509759952,0,null,0,Roger Federer,,,0.0,0,0,0,0
1322509759952,0,null,0,Jo-Wilfried Tsonga,,,0.0,0,0,0,0
1322509760952,0,null,0,Roger Federer,,,0.0,0,0,0,0
1322509760952,0,null,0,Jo-Wilfried Tsonga,,,0.0,0,0,0,0
1322509761953,0,null,0,Roger Federer,,,0.0,0,0,0,0
1322509761953,0,null,0,Jo-Wilfried Tsonga,,,0.0,0,0,0,0
1322509762953,0,null,0,Roger Federer,,,0.0,0,0,0,0
1322509762953,0,null,0,Jo-Wilfried Tsonga,,,0.0,0,0,0,0
1322509763953,0,null,0,Roger Federer,,,0.0,0,0,0,0
1322509763953,0,null,0,Jo-Wilfried Tsonga,,,0.0,0,0,0,0
1322509764954,0,null,0,Roger Federer,,,0.0,0,0,0,0
1322509764954,0,null,0,Jo-Wilfried Tsonga,,,0.0,0,0,0,0
1322509765954,0,null,0,Roger Federer,,,0.0,0,0,0,0
1322509765954,0,null,0,Jo-Wilfried Tsonga,,,0.0,0,0,0,0
1322509766954,0,null,0,Roger Federer,,,0.0,0,0,0,0
1322509766954,0,null,0,Jo-Wilfried Tsonga,,,0.0,0,0,0,0
1322509767955,0,null,0,Roger Federer,,,0.0,0,0,0,0
1322509767955,0,null,0,Jo-Wilfried Tsonga,,,0.0,0,0,0,0
1322509768955,0,null,0,Roger Federer,,,0.0,0,0,0,0
1322509768955,0,null,0,Jo-Wilfried Tsonga,,,0.0,0,0,0,0
1322509769955,0,null,0,Roger Federer,,,0.0,0,0,0,0
1322509769955,0,null,0,Jo-Wilfried Tsonga,,,0.0,0,0,0,0
1322509770956,0,null,0,Roger Federer,,,0.0,0,0,0,0
1322509770956,0,null,0,Jo-Wilfried Tsonga,,,0.0,0,0,0,0
1322509771956,0,null,0,Roger Federer,,,0.0,0,0,0,0
1322509771956,0,null,0,Jo-Wilfried Tsonga,,,0.0,0,0,0,0
1322509772956,0,null,0,Roger Federer,,,0.0,0,0,0,0
1322509772956,0,null,0,Jo-Wilfried Tsonga,,,0.0,0,0,0,0
1322509773957,0,null,0,Roger Federer,,,0.0,0,0,0,0
1322509773957,0,null,0,Jo-Wilfried Tsonga,,,0.0,0,0,0,0
1322509774957,0,null,0,Roger Federer,,,0.0,0,0,0,0
1322509774957,0,null,0,Jo-Wilfried Tsonga,,,0.0,0,0,0,0
1322509775957,0,null,0,Roger Federer,,,0.0,0,0,0,0
1322509775958,0,null,0,Jo-Wilfried Tsonga,,,0.0,0,0,0,0
1322509776958,0,null,0,Roger Federer,,,0.0,0,0,0,0
1322509776958,0,null,0,Jo-Wilfried Tsonga,,,0.0,0,0,0,0
1322509777958,0,null,0,Roger Federer,,,0.0,0,0,0,0
1322509777958,0,null,0,Jo-Wilfried Tsonga,,,0.0,0,0,0,0
1322509778959,0,null,0,Roger Federer,,,0.0,0,0,0,0
1322509778959,0,null,0,Jo-Wilfried Tsonga,,,0.0,0,0,0,0
1322509779959,0,null,0,Roger Federer,,,0.0,0,0,0,0
1322509779959,0,null,0,Jo-Wilfried Tsonga,,,0.0,0,0,0,0
1322509780959,0,null,0,Roger Federer,,,0.0,0,0,0,0
1322509780959,0,null,0,Jo-Wilfried Tsonga,,,0.0,0,0,0,0
1322509781960,0,null,0,Roger Federer,,,0.0,0,0,0,0
1322509781960,0,null,0,Jo-Wilfried Tsonga,,,0.0,0,0,0,0
1322509782960,0,null,0,Roger Federer,,,0.0,0,0,0,0
1322509782960,0,null,0,Jo-Wilfried Tsonga,,,0.0,0,0,0,0
1322509783960,0,null,0,Roger Federer,,,0.0,0,0,0,0
1322509783960,0,null,0,Jo-Wilfried Tsonga,,,0.0,0,0,0,0
1322509784961,0,null,0,Roger Federer,,,0.0,0,0,0,0
1322509784961,0,null,0,Jo-Wilfried Tsonga,,,0.0,0,0,0,0
1322509785961,0,null,0,Roger Federer,,,0.0,0,0,0,0
1322509785961,0,null,0,Jo-Wilfried Tsonga,,,0.0,0,0,0,0
1322509786961,0,null,0,Roger Federer,,,0.0,0,0,0,0
1322509786961,0,null,0,Jo-Wilfried Tsonga,,,0.0,0,0,0,0
1322509787962,0,null,0,Roger Federer,,,0.0,0,0,0,0
1322509787962,0,null,0,Jo-Wilfried Tsonga,,,0.0,0,0,0,0
1322509788962,0,null,0,Roger Federer,,,0.0,0,0,0,0
1322509788962,0,null,0,Jo-Wilfried Tsonga,,,0.0,0,0,0,0
1322509789962,0,null,0,Roger Federer,,,0.0,0,0,0,0
1322509789963,0,null,0,Jo-Wilfried Tsonga,,,0.0,0,0,0,0
1322509790963,0,null,0,Roger Federer,,,0.0,0,0,0,0
1322509790963,0,null,0,Jo-Wilfried Tsonga,,,0.0,0,0,0,0
1322509791963,0,null,0,Roger Federer,,,0.0,0,0,0,0
1322509791963,0,null,0,Jo-Wilfried Tsonga,,,0.0,0,0,0,0
1322509792963,0,null,0,Roger Federer,,,0.0,0,0,0,0
1322509792964,0,null,0,Jo-Wilfried Tsonga,,,0.0,0,0,0,0
1322509793964,0,null,0,Roger Federer,,,0.0,0,0,0,0
1322509793964,0,null,0,Jo-Wilfried Tsonga,,,0.0,0,0,0,0
1322509794964,0,null,0,Roger Federer,,,0.0,0,0,0,0
1322509794964,0,null,0,Jo-Wilfried Tsonga,,,0.0,0,0,0,0
1322509795964,0,null,0,Roger Federer,,,0.0,0,0,0,0
1322509795965,0,null,0,Jo-Wilfried Tsonga,,,0.0,0,0,0,0
1322509796965,0,null,0,Roger Federer,,,0.0,0,0,0,0
1322509796965,0,null,0,Jo-Wilfried Tsonga,,,0.0,0,0,0,0
1322509797965,0,null,0,Roger Federer,,,0.0,0,0,0,0
1322509797965,0,null,0,Jo-Wilfried Tsonga,,,0.0,0,0,0,0
1322509798966,0,null,0,Roger Federer,,,0.0,0,0,0,0
1322509798966,0,null,0,Jo-Wilfried Tsonga,,,0.0,0,0,0,0
1322509799966,0,null,0,Roger Federer,,,0.0,0,0,0,0
1322509799966,0,null,0,Jo-Wilfried Tsonga,,,0.0,0,0,0,0
1322509800966,0,null,0,Roger Federer,,,0.0,0,0,0,0
1322509800966,0,null,0,Jo-Wilfried Tsonga,,,0.0,0,0,0,0
1322509801967,0,null,0,Roger Federer,,,0.0,0,0,0,0
1322509801967,0,null,0,Jo-Wilfried Tsonga,,,0.0,0,0,0,0
1322509802967,0,null,0,Roger Federer,,,0.0,0,0,0,0
1322509802967,0,null,0,Jo-Wilfried Tsonga,,,0.0,0,0,0,0
1322509803967,0,null,0,Roger Federer,,,0.0,0,0,0,0
1322509803967,0,null,0,Jo-Wilfried Tsonga,,,0.0,0,0,0,0
1322509804968,0,null,0,Roger Federer,,,0.0,0,0,0,0
1322509804968,0,null,0,Jo-Wilfried Tsonga,,,0.0,0,0,0,0
1322509805968,0,null,0,Roger Federer,,,0.0,0,0,0,0
1322509805968,0,null,0,Jo-Wilfried Tsonga,,,0.0,0,0,0,0
1322509806968,0,null,0,Roger Federer,,,0.0,0,0,0,0
1322509806968,0,null,0,Jo-Wilfried Tsonga,,,0.0,0,0,0,0
1322509807969,0,null,0,Roger Federer,,,0.0,0,0,0,0
1322509807969,0,null,0,Jo-Wilfried Tsonga,,,0.0,0,0,0,0
1322509808969,0,null,0,Roger Federer,,,0.0,0,0,0,0
1322509808969,0,null,0,Jo-Wilfried Tsonga,,,0.0,0,0,0,0
1322509809969,0,null,0,Roger Federer,,,0.0,0,0,0,0
1322509809969,0,null,0,Jo-Wilfried Tsonga,,,0.0,0,0,0,0
1322509810970,0,null,0,Roger Federer,,,0.0,0,0,0,0
1322509810970,0,null,0,Jo-Wilfried Tsonga,,,0.0,0,0,0,0
1322509811970,0,null,0,Roger Federer,,,0.0,0,0,0,0
1322509811970,0,null,0,Jo-Wilfried Tsonga,,,0.0,0,0,0,0
1322509812970,0,null,0,Roger Federer,,,0.0,0,0,0,0
1322509812971,0,null,0,Jo-Wilfried Tsonga,,,0.0,0,0,0,0
1322509813971,0,null,0,Roger Federer,,,0.0,0,0,0,0
1322509813971,0,null,0,Jo-Wilfried Tsonga,,,0.0,0,0,0,0
1322509814971,0,null,0,Roger Federer,,,0.0,0,0,0,0
1322509814971,0,null,0,Jo-Wilfried Tsonga,,,0.0,0,0,0,0
1322509815971,0,null,0,Roger Federer,,,0.0,0,0,0,0
1322509815972,0,null,0,Jo-Wilfried Tsonga,,,0.0,0,0,0,0
1322509816972,0,null,0,Roger Federer,,,0.0,0,0,0,0
1322509816972,0,null,0,Jo-Wilfried Tsonga,,,0.0,0,0,0,0
1322509817972,0,null,0,Roger Federer,,,0.0,0,0,0,0
1322509817972,0,null,0,Jo-Wilfried Tsonga,,,0.0,0,0,0,0
1322509818973,0,null,0,Roger Federer,,,0.0,0,0,0,0
1322509818973,0,null,0,Jo-Wilfried Tsonga,,,0.0,0,0,0,0
1322509819973,0,null,0,Roger Federer,,,0.0,0,0,0,0
1322509819973,0,null,0,Jo-Wilfried Tsonga,,,0.0,0,0,0,0
1322509820973,0,null,0,Roger Federer,,,0.0,0,0,0,0
1322509820973,0,null,0,Jo-Wilfried Tsonga,,,0.0,0,0,0,0
1322509821974,0,null,0,Roger Federer,,,0.0,0,0,0,0
1322509821974,0,null,0,Jo-Wilfried Tsonga,,,0.0,0,0,0,0
1322509822974,0,null,0,Roger Federer,,,0.0,0,0,0,0
1322509822974,0,null,0,Jo-Wilfried Tsonga,,,0.0,0,0,0,0
1322509823974,0,null,0,Roger Federer,,,0.0,0,0,0,0
1322509823974,0,null,0,Jo-Wilfried Tsonga,,,0.0,0,0,0,0
1322509824975,0,null,0,Roger Federer,,,0.0,0,0,0,0
1322509824975,0,null,0,Jo-Wilfried Tsonga,,,0.0,0,0,0,0
1322509825975,0,null,0,Roger Federer,,,0.0,0,0,0,0
1322509825975,0,null,0,Jo-Wilfried Tsonga,,,0.0,0,0,0,0
1322509826975,0,null,0,Roger Federer,,,0.0,0,0,0,0
1322509826975,0,null,0,Jo-Wilfried Tsonga,,,0.0,0,0,0,0
1322509827976,0,null,0,Roger Federer,,,0.0,0,0,0,0
1322509827976,0,null,0,Jo-Wilfried Tsonga,,,0.0,0,0,0,0
1322509828976,0,null,0,Roger Federer,,,0.0,0,0,0,0
1322509828976,0,null,0,Jo-Wilfried Tsonga,,,0.0,0,0,0,0
1322509829976,0,null,0,Roger Federer,,,0.0,0,0,0,0
1322509829977,0,null,0,Jo-Wilfried Tsonga,,,0.0,0,0,0,0
1322509830977,0,null,0,Roger Federer,,,0.0,0,0,0,0
1322509830977,0,null,0,Jo-Wilfried Tsonga,,,0.0,0,0,0,0
1322509831977,0,null,0,Roger Federer,,,0.0,0,0,0,0
1322509831977,0,null,0,Jo-Wilfried Tsonga,,,0.0,0,0,0,0
1322509832978,0,null,0,Roger Federer,,,0.0,0,0,0,0
1322509832978,0,null,0,Jo-Wilfried Tsonga,,,0.0,0,0,0,0
1322509833978,0,null,0,Roger Federer,,,0.0,0,0,0,0
1322509833978,0,null,0,Jo-Wilfried Tsonga,,,0.0,0,0,0,0
1322509834978,0,null,0,Roger Federer,,,0.0,0,0,0,0
1322509834978,0,null,0,Jo-Wilfried Tsonga,,,0.0,0,0,0,0
1322509835979,0,null,0,Roger Federer,,,0.0,0,0,0,0
1322509835979,0,null,0,Jo-Wilfried Tsonga,,,0.0,0,0,0,0
1322509836979,0,null,0,Roger Federer,,,0.0,0,0,0,0
1322509836979,0,null,0,Jo-Wilfried Tsonga,,,0.0,0,0,0,0
1322509837979,0,null,0,Roger Federer,,,0.0,0,0,0,0
1322509837979,0,null,0,Jo-Wilfried Tsonga,,,0.0,0,0,0,0
1322509838980,0,null,0,Roger Federer,,,0.0,0,0,0,0
1322509838980,0,null,0,Jo-Wilfried Tsonga,,,0.0,0,0,0,0
1322509839980,0,null,0,Roger Federer,,,0.0,0,0,0,0
1322509839980,0,null,0,Jo-Wilfried Tsonga,,,0.0,0,0,0,0
1322509840980,0,null,0,Roger Federer,,,0.0,0,0,0,0
1322509840980,0,null,0,Jo-Wilfried Tsonga,,,0.0,0,0,0,0
1322509841981,0,null,0,Roger Federer,,,0.0,0,0,0,0
1322509841981,0,null,0,Jo-Wilfried Tsonga,,,0.0,0,0,0,0
1322509842981,0,null,0,Roger Federer,,,0.0,0,0,0,0
1322509842981,0,null,0,Jo-Wilfried Tsonga,,,0.0,0,0,0,0
1322509843981,0,null,0,Roger Federer,,,0.0,0,0,0,0
1322509843982,0,null,0,Jo-Wilfried Tsonga,,,0.0,0,0,0,0
