Timestamp,Inplay delay,Market status,Selection ID,Selection name,BP1,BV1,BP2,BV2,BP3,BV3,LP1,LV1,LP2,LV2,LP3,LV3,Total matched,LPM, Set1, Set2, Set3, Points 
1322737772895,0,null,0,Jo-Wilfried Tsonga,,,0.0,0,0,0,0
1322737772896,0,null,0,Roger Federer,,,0.0,0,0,0,0
1322737773896,0,null,0,Jo-Wilfried Tsonga,,,0.0,0,0,0,0
1322737773896,0,null,0,Roger Federer,,,0.0,0,0,0,0
1322737774897,0,null,0,Jo-Wilfried Tsonga,,,0.0,0,0,0,0
1322737774897,0,null,0,Roger Federer,,,0.0,0,0,0,0
1322737775897,0,null,0,Jo-Wilfried Tsonga,,,0.0,0,0,0,0
1322737775897,0,null,0,Roger Federer,,,0.0,0,0,0,0
1322737776897,0,null,0,Jo-Wilfried Tsonga,,,0.0,0,0,0,0
1322737776898,0,null,0,Roger Federer,,,0.0,0,0,0,0
1322737777898,0,null,0,Jo-Wilfried Tsonga,,,0.0,0,0,0,0
1322737777898,0,null,0,Roger Federer,,,0.0,0,0,0,0
1322737778898,0,null,0,Jo-Wilfried Tsonga,,,0.0,0,0,0,0
1322737778898,0,null,0,Roger Federer,,,0.0,0,0,0,0
1322737779898,0,null,0,Jo-Wilfried Tsonga,,,0.0,0,0,0,0
1322737779898,0,null,0,Roger Federer,,,0.0,0,0,0,0
1322737780899,0,null,0,Jo-Wilfried Tsonga,,,0.0,0,0,0,0
1322737780899,0,null,0,Roger Federer,,,0.0,0,0,0,0
1322737781899,0,null,0,Jo-Wilfried Tsonga,,,0.0,0,0,0,0
1322737781899,0,null,0,Roger Federer,,,0.0,0,0,0,0
1322737782899,0,null,0,Jo-Wilfried Tsonga,,,0.0,0,0,0,0
1322737782899,0,null,0,Roger Federer,,,0.0,0,0,0,0
1322737783900,0,null,0,Jo-Wilfried Tsonga,,,0.0,0,0,0,0
1322737783900,0,null,0,Roger Federer,,,0.0,0,0,0,0
1322737784900,0,null,0,Jo-Wilfried Tsonga,,,0.0,0,0,0,0
1322737784900,0,null,0,Roger Federer,,,0.0,0,0,0,0
1322737785900,0,null,0,Jo-Wilfried Tsonga,,,0.0,0,0,0,0
1322737785900,0,null,0,Roger Federer,,,0.0,0,0,0,0
1322737786901,0,null,0,Jo-Wilfried Tsonga,,,0.0,0,0,0,0
1322737786901,0,null,0,Roger Federer,,,0.0,0,0,0,0
1322737787901,0,null,0,Jo-Wilfried Tsonga,,,0.0,0,0,0,0
1322737787901,0,null,0,Roger Federer,,,0.0,0,0,0,0
1322737788901,0,null,0,Jo-Wilfried Tsonga,,,0.0,0,0,0,0
1322737788901,0,null,0,Roger Federer,,,0.0,0,0,0,0
1322737789902,0,null,0,Jo-Wilfried Tsonga,,,0.0,0,0,0,0
1322737789902,0,null,0,Roger Federer,,,0.0,0,0,0,0
1322737790902,0,null,0,Jo-Wilfried Tsonga,,,0.0,0,0,0,0
1322737790902,0,null,0,Roger Federer,,,0.0,0,0,0,0
1322737791902,0,null,0,Jo-Wilfried Tsonga,,,0.0,0,0,0,0
1322737791902,0,null,0,Roger Federer,,,0.0,0,0,0,0
1322737792903,0,null,0,Jo-Wilfried Tsonga,,,0.0,0,0,0,0
1322737792903,0,null,0,Roger Federer,,,0.0,0,0,0,0
1322737793903,0,null,0,Jo-Wilfried Tsonga,,,0.0,0,0,0,0
1322737793903,0,null,0,Roger Federer,,,0.0,0,0,0,0
1322737794903,0,null,0,Jo-Wilfried Tsonga,,,0.0,0,0,0,0
1322737794903,0,null,0,Roger Federer,,,0.0,0,0,0,0
1322737795904,0,null,0,Jo-Wilfried Tsonga,,,0.0,0,0,0,0
1322737795904,0,null,0,Roger Federer,,,0.0,0,0,0,0
1322737796904,0,null,0,Jo-Wilfried Tsonga,,,0.0,0,0,0,0
1322737796904,0,null,0,Roger Federer,,,0.0,0,0,0,0
1322737797905,0,null,0,Jo-Wilfried Tsonga,,,0.0,0,0,0,0
1322737797905,0,null,0,Roger Federer,,,0.0,0,0,0,0
1322737798905,0,null,0,Jo-Wilfried Tsonga,,,0.0,0,0,0,0
1322737798905,0,null,0,Roger Federer,,,0.0,0,0,0,0
1322737799905,0,null,0,Jo-Wilfried Tsonga,,,0.0,0,0,0,0
1322737799906,0,null,0,Roger Federer,,,0.0,0,0,0,0
1322737800906,0,null,0,Jo-Wilfried Tsonga,,,0.0,0,0,0,0
1322737800906,0,null,0,Roger Federer,,,0.0,0,0,0,0
1322737801906,0,null,0,Jo-Wilfried Tsonga,,,0.0,0,0,0,0
1322737801906,0,null,0,Roger Federer,,,0.0,0,0,0,0
1322737802907,0,null,0,Jo-Wilfried Tsonga,,,0.0,0,0,0,0
1322737802907,0,null,0,Roger Federer,,,0.0,0,0,0,0
1322737803907,0,null,0,Jo-Wilfried Tsonga,,,0.0,0,0,0,0
1322737803907,0,null,0,Roger Federer,,,0.0,0,0,0,0
1322737804907,0,null,0,Jo-Wilfried Tsonga,,,0.0,0,0,0,0
1322737804907,0,null,0,Roger Federer,,,0.0,0,0,0,0
1322737805908,0,null,0,Jo-Wilfried Tsonga,,,0.0,0,0,0,0
1322737805908,0,null,0,Roger Federer,,,0.0,0,0,0,0
1322737806908,0,null,0,Jo-Wilfried Tsonga,,,0.0,0,0,0,0
1322737806908,0,null,0,Roger Federer,,,0.0,0,0,0,0
1322737807909,0,null,0,Jo-Wilfried Tsonga,,,0.0,0,0,0,0
1322737807909,0,null,0,Roger Federer,,,0.0,0,0,0,0
1322737808909,0,null,0,Jo-Wilfried Tsonga,,,0.0,0,0,0,0
1322737808909,0,null,0,Roger Federer,,,0.0,0,0,0,0
1322737809909,0,null,0,Jo-Wilfried Tsonga,,,0.0,0,0,0,0
1322737809910,0,null,0,Roger Federer,,,0.0,0,0,0,0
1322737810910,0,null,0,Jo-Wilfried Tsonga,,,0.0,0,0,0,0
1322737810910,0,null,0,Roger Federer,,,0.0,0,0,0,0
1322737811910,0,null,0,Jo-Wilfried Tsonga,,,0.0,0,0,0,0
1322737811910,0,null,0,Roger Federer,,,0.0,0,0,0,0
1322737812911,0,null,0,Jo-Wilfried Tsonga,,,0.0,0,0,0,0
1322737812911,0,null,0,Roger Federer,,,0.0,0,0,0,0
1322737813911,0,null,0,Jo-Wilfried Tsonga,,,0.0,0,0,0,0
1322737813911,0,null,0,Roger Federer,,,0.0,0,0,0,0
1322737814912,0,null,0,Jo-Wilfried Tsonga,,,0.0,0,0,0,0
1322737814912,0,null,0,Roger Federer,,,0.0,0,0,0,0
1322737815912,0,null,0,Jo-Wilfried Tsonga,,,0.0,0,0,0,0
1322737815912,0,null,0,Roger Federer,,,0.0,0,0,0,0
1322737816912,0,null,0,Jo-Wilfried Tsonga,,,0.0,0,0,0,0
1322737816913,0,null,0,Roger Federer,,,0.0,0,0,0,0
1322737817913,0,null,0,Jo-Wilfried Tsonga,,,0.0,0,0,0,0
1322737817913,0,null,0,Roger Federer,,,0.0,0,0,0,0
1322737818913,0,null,0,Jo-Wilfried Tsonga,,,0.0,0,0,0,0
1322737818913,0,null,0,Roger Federer,,,0.0,0,0,0,0
1322737819914,0,null,0,Jo-Wilfried Tsonga,,,0.0,0,0,0,0
1322737819914,0,null,0,Roger Federer,,,0.0,0,0,0,0
1322737820914,0,null,0,Jo-Wilfried Tsonga,,,0.0,0,0,0,0
1322737820914,0,null,0,Roger Federer,,,0.0,0,0,0,0
1322737821914,0,null,0,Jo-Wilfried Tsonga,,,0.0,0,0,0,0
1322737821914,0,null,0,Roger Federer,,,0.0,0,0,0,0
1322737822915,0,null,0,Jo-Wilfried Tsonga,,,0.0,0,0,0,0
1322737822915,0,null,0,Roger Federer,,,0.0,0,0,0,0
1322737823915,0,null,0,Jo-Wilfried Tsonga,,,0.0,0,0,0,0
1322737823915,0,null,0,Roger Federer,,,0.0,0,0,0,0
1322737824915,0,null,0,Jo-Wilfried Tsonga,,,0.0,0,0,0,0
1322737824916,0,null,0,Roger Federer,,,0.0,0,0,0,0
1322737825916,0,null,0,Jo-Wilfried Tsonga,,,0.0,0,0,0,0
1322737825916,0,null,0,Roger Federer,,,0.0,0,0,0,0
1322737826916,0,null,0,Jo-Wilfried Tsonga,,,0.0,0,0,0,0
1322737826916,0,null,0,Roger Federer,,,0.0,0,0,0,0
1322737827917,0,null,0,Jo-Wilfried Tsonga,,,0.0,0,0,0,0
1322737827917,0,null,0,Roger Federer,,,0.0,0,0,0,0
1322737828917,0,null,0,Jo-Wilfried Tsonga,,,0.0,0,0,0,0
1322737828917,0,null,0,Roger Federer,,,0.0,0,0,0,0
1322737829918,0,null,0,Jo-Wilfried Tsonga,,,0.0,0,0,0,0
1322737829918,0,null,0,Roger Federer,,,0.0,0,0,0,0
1322737830918,0,null,0,Jo-Wilfried Tsonga,,,0.0,0,0,0,0
1322737830918,0,null,0,Roger Federer,,,0.0,0,0,0,0
1322737831918,0,null,0,Jo-Wilfried Tsonga,,,0.0,0,0,0,0
1322737831919,0,null,0,Roger Federer,,,0.0,0,0,0,0
1322737832919,0,null,0,Jo-Wilfried Tsonga,,,0.0,0,0,0,0
1322737832919,0,null,0,Roger Federer,,,0.0,0,0,0,0
1322737833919,0,null,0,Jo-Wilfried Tsonga,,,0.0,0,0,0,0
1322737833919,0,null,0,Roger Federer,,,0.0,0,0,0,0
1322737834920,0,null,0,Jo-Wilfried Tsonga,,,0.0,0,0,0,0
1322737834920,0,null,0,Roger Federer,,,0.0,0,0,0,0
1322737835920,0,null,0,Jo-Wilfried Tsonga,,,0.0,0,0,0,0
1322737835920,0,null,0,Roger Federer,,,0.0,0,0,0,0
1322737836921,0,null,0,Jo-Wilfried Tsonga,,,0.0,0,0,0,0
1322737836921,0,null,0,Roger Federer,,,0.0,0,0,0,0
1322737837921,0,null,0,Jo-Wilfried Tsonga,,,0.0,0,0,0,0
1322737837921,0,null,0,Roger Federer,,,0.0,0,0,0,0
1322737838921,0,null,0,Jo-Wilfried Tsonga,,,0.0,0,0,0,0
1322737838922,0,null,0,Roger Federer,,,0.0,0,0,0,0
1322737839922,0,null,0,Jo-Wilfried Tsonga,,,0.0,0,0,0,0
1322737839922,0,null,0,Roger Federer,,,0.0,0,0,0,0
1322737840922,0,null,0,Jo-Wilfried Tsonga,,,0.0,0,0,0,0
1322737840922,0,null,0,Roger Federer,,,0.0,0,0,0,0
1322737841923,0,null,0,Jo-Wilfried Tsonga,,,0.0,0,0,0,0
1322737841923,0,null,0,Roger Federer,,,0.0,0,0,0,0
1322737842923,0,null,0,Jo-Wilfried Tsonga,,,0.0,0,0,0,0
1322737842923,0,null,0,Roger Federer,,,0.0,0,0,0,0
1322737843924,0,null,0,Jo-Wilfried Tsonga,,,0.0,0,0,0,0
1322737843924,0,null,0,Roger Federer,,,0.0,0,0,0,0
1322737844924,0,null,0,Jo-Wilfried Tsonga,,,0.0,0,0,0,0
1322737844924,0,null,0,Roger Federer,,,0.0,0,0,0,0
1322737845924,0,null,0,Jo-Wilfried Tsonga,,,0.0,0,0,0,0
1322737845925,0,null,0,Roger Federer,,,0.0,0,0,0,0
1322737846925,0,null,0,Jo-Wilfried Tsonga,,,0.0,0,0,0,0
1322737846925,0,null,0,Roger Federer,,,0.0,0,0,0,0
1322737847925,0,null,0,Jo-Wilfried Tsonga,,,0.0,0,0,0,0
1322737847925,0,null,0,Roger Federer,,,0.0,0,0,0,0
1322737848926,0,null,0,Jo-Wilfried Tsonga,,,0.0,0,0,0,0
1322737848926,0,null,0,Roger Federer,,,0.0,0,0,0,0
1322737849926,0,null,0,Jo-Wilfried Tsonga,,,0.0,0,0,0,0
1322737849926,0,null,0,Roger Federer,,,0.0,0,0,0,0
1322737850927,0,null,0,Jo-Wilfried Tsonga,,,0.0,0,0,0,0
1322737850927,0,null,0,Roger Federer,,,0.0,0,0,0,0
1322737851927,0,null,0,Jo-Wilfried Tsonga,,,0.0,0,0,0,0
1322737851927,0,null,0,Roger Federer,,,0.0,0,0,0,0
1322737852928,0,null,0,Jo-Wilfried Tsonga,,,0.0,0,0,0,0
1322737852928,0,null,0,Roger Federer,,,0.0,0,0,0,0
1322737853928,0,null,0,Jo-Wilfried Tsonga,,,0.0,0,0,0,0
1322737853928,0,null,0,Roger Federer,,,0.0,0,0,0,0
1322737854928,0,null,0,Jo-Wilfried Tsonga,,,0.0,0,0,0,0
1322737854928,0,null,0,Roger Federer,,,0.0,0,0,0,0
1322737855929,0,null,0,Jo-Wilfried Tsonga,,,0.0,0,0,0,0
1322737855929,0,null,0,Roger Federer,,,0.0,0,0,0,0
1322737856929,0,null,0,Jo-Wilfried Tsonga,,,0.0,0,0,0,0
1322737856929,0,null,0,Roger Federer,,,0.0,0,0,0,0
1322737857930,0,null,0,Jo-Wilfried Tsonga,,,0.0,0,0,0,0
1322737857930,0,null,0,Roger Federer,,,0.0,0,0,0,0
1322737858930,0,null,0,Jo-Wilfried Tsonga,,,0.0,0,0,0,0
1322737858930,0,null,0,Roger Federer,,,0.0,0,0,0,0
1322737859930,0,null,0,Jo-Wilfried Tsonga,,,0.0,0,0,0,0
1322737859930,0,null,0,Roger Federer,,,0.0,0,0,0,0
1322737860931,0,null,0,Jo-Wilfried Tsonga,,,0.0,0,0,0,0
1322737860931,0,null,0,Roger Federer,,,0.0,0,0,0,0
1322737861931,0,null,0,Jo-Wilfried Tsonga,,,0.0,0,0,0,0
1322737861931,0,null,0,Roger Federer,,,0.0,0,0,0,0
1322737862932,0,null,0,Jo-Wilfried Tsonga,,,0.0,0,0,0,0
1322737862932,0,null,0,Roger Federer,,,0.0,0,0,0,0
1322737863932,0,null,0,Jo-Wilfried Tsonga,,,0.0,0,0,0,0
1322737863932,0,null,0,Roger Federer,,,0.0,0,0,0,0
1322737864932,0,null,0,Jo-Wilfried Tsonga,,,0.0,0,0,0,0
1322737864933,0,null,0,Roger Federer,,,0.0,0,0,0,0
1322737865933,0,null,0,Jo-Wilfried Tsonga,,,0.0,0,0,0,0
1322737865933,0,null,0,Roger Federer,,,0.0,0,0,0,0
1322737866933,0,null,0,Jo-Wilfried Tsonga,,,0.0,0,0,0,0
1322737866933,0,null,0,Roger Federer,,,0.0,0,0,0,0
1322737867934,0,null,0,Jo-Wilfried Tsonga,,,0.0,0,0,0,0
1322737867934,0,null,0,Roger Federer,,,0.0,0,0,0,0
1322737868934,0,null,0,Jo-Wilfried Tsonga,,,0.0,0,0,0,0
1322737868934,0,null,0,Roger Federer,,,0.0,0,0,0,0
1322737869934,0,null,0,Jo-Wilfried Tsonga,,,0.0,0,0,0,0
1322737869935,0,null,0,Roger Federer,,,0.0,0,0,0,0
1322737870935,0,null,0,Jo-Wilfried Tsonga,,,0.0,0,0,0,0
1322737870935,0,null,0,Roger Federer,,,0.0,0,0,0,0
1322737871935,0,null,0,Jo-Wilfried Tsonga,,,0.0,0,0,0,0
1322737871935,0,null,0,Roger Federer,,,0.0,0,0,0,0
1322737872936,0,null,0,Jo-Wilfried Tsonga,,,0.0,0,0,0,0
1322737872936,0,null,0,Roger Federer,,,0.0,0,0,0,0
1322737873936,0,null,0,Jo-Wilfried Tsonga,,,0.0,0,0,0,0
1322737873936,0,null,0,Roger Federer,,,0.0,0,0,0,0
1322737874937,0,null,0,Jo-Wilfried Tsonga,,,0.0,0,0,0,0
1322737874937,0,null,0,Roger Federer,,,0.0,0,0,0,0
1322737875937,0,null,0,Jo-Wilfried Tsonga,,,0.0,0,0,0,0
1322737875937,0,null,0,Roger Federer,,,0.0,0,0,0,0
1322737876937,0,null,0,Jo-Wilfried Tsonga,,,0.0,0,0,0,0
1322737876938,0,null,0,Roger Federer,,,0.0,0,0,0,0
1322737877938,0,null,0,Jo-Wilfried Tsonga,,,0.0,0,0,0,0
1322737877938,0,null,0,Roger Federer,,,0.0,0,0,0,0
1322737878938,0,null,0,Jo-Wilfried Tsonga,,,0.0,0,0,0,0
1322737878938,0,null,0,Roger Federer,,,0.0,0,0,0,0
1322737879939,0,null,0,Jo-Wilfried Tsonga,,,0.0,0,0,0,0
1322737879939,0,null,0,Roger Federer,,,0.0,0,0,0,0
1322737880939,0,null,0,Jo-Wilfried Tsonga,,,0.0,0,0,0,0
1322737880939,0,null,0,Roger Federer,,,0.0,0,0,0,0
1322737881940,0,null,0,Jo-Wilfried Tsonga,,,0.0,0,0,0,0
1322737881940,0,null,0,Roger Federer,,,0.0,0,0,0,0
1322737882940,0,null,0,Jo-Wilfried Tsonga,,,0.0,0,0,0,0
1322737882940,0,null,0,Roger Federer,,,0.0,0,0,0,0
1322737883940,0,null,0,Jo-Wilfried Tsonga,,,0.0,0,0,0,0
1322737883941,0,null,0,Roger Federer,,,0.0,0,0,0,0
1322737884941,0,null,0,Jo-Wilfried Tsonga,,,0.0,0,0,0,0
1322737884941,0,null,0,Roger Federer,,,0.0,0,0,0,0
1322737885941,0,null,0,Jo-Wilfried Tsonga,,,0.0,0,0,0,0
1322737885941,0,null,0,Roger Federer,,,0.0,0,0,0,0
1322737886942,0,null,0,Jo-Wilfried Tsonga,,,0.0,0,0,0,0
1322737886942,0,null,0,Roger Federer,,,0.0,0,0,0,0
1322737887942,0,null,0,Jo-Wilfried Tsonga,,,0.0,0,0,0,0
1322737887942,0,null,0,Roger Federer,,,0.0,0,0,0,0
1322737888943,0,null,0,Jo-Wilfried Tsonga,,,0.0,0,0,0,0
1322737888943,0,null,0,Roger Federer,,,0.0,0,0,0,0
1322737889943,0,null,0,Jo-Wilfried Tsonga,,,0.0,0,0,0,0
1322737889943,0,null,0,Roger Federer,,,0.0,0,0,0,0
1322737890943,0,null,0,Jo-Wilfried Tsonga,,,0.0,0,0,0,0
1322737890944,0,null,0,Roger Federer,,,0.0,0,0,0,0
1322737891944,0,null,0,Jo-Wilfried Tsonga,,,0.0,0,0,0,0
1322737891944,0,null,0,Roger Federer,,,0.0,0,0,0,0
1322737892944,0,null,0,Jo-Wilfried Tsonga,,,0.0,0,0,0,0
1322737892944,0,null,0,Roger Federer,,,0.0,0,0,0,0
1322737893945,0,null,0,Jo-Wilfried Tsonga,,,0.0,0,0,0,0
1322737893945,0,null,0,Roger Federer,,,0.0,0,0,0,0
1322737894945,0,null,0,Jo-Wilfried Tsonga,,,0.0,0,0,0,0
1322737894945,0,null,0,Roger Federer,,,0.0,0,0,0,0
1322737895946,0,null,0,Jo-Wilfried Tsonga,,,0.0,0,0,0,0
1322737895946,0,null,0,Roger Federer,,,0.0,0,0,0,0
1322737896946,0,null,0,Jo-Wilfried Tsonga,,,0.0,0,0,0,0
1322737896946,0,null,0,Roger Federer,,,0.0,0,0,0,0
1322737897946,0,null,0,Jo-Wilfried Tsonga,,,0.0,0,0,0,0
1322737897947,0,null,0,Roger Federer,,,0.0,0,0,0,0
1322737898947,0,null,0,Jo-Wilfried Tsonga,,,0.0,0,0,0,0
1322737898947,0,null,0,Roger Federer,,,0.0,0,0,0,0
1322737899947,0,null,0,Jo-Wilfried Tsonga,,,0.0,0,0,0,0
1322737899947,0,null,0,Roger Federer,,,0.0,0,0,0,0
1322737900948,0,null,0,Jo-Wilfried Tsonga,,,0.0,0,0,0,0
1322737900948,0,null,0,Roger Federer,,,0.0,0,0,0,0
1322737901948,0,null,0,Jo-Wilfried Tsonga,,,0.0,0,0,0,0
1322737901948,0,null,0,Roger Federer,,,0.0,0,0,0,0
1322737902949,0,null,0,Jo-Wilfried Tsonga,,,0.0,0,0,0,0
1322737902949,0,null,0,Roger Federer,,,0.0,0,0,0,0
1322737903949,0,null,0,Jo-Wilfried Tsonga,,,0.0,0,0,0,0
1322737903949,0,null,0,Roger Federer,,,0.0,0,0,0,0
1322737904949,0,null,0,Jo-Wilfried Tsonga,,,0.0,0,0,0,0
1322737904950,0,null,0,Roger Federer,,,0.0,0,0,0,0
1322737905950,0,null,0,Jo-Wilfried Tsonga,,,0.0,0,0,0,0
1322737905950,0,null,0,Roger Federer,,,0.0,0,0,0,0
1322737906950,0,null,0,Jo-Wilfried Tsonga,,,0.0,0,0,0,0
1322737906950,0,null,0,Roger Federer,,,0.0,0,0,0,0
1322737907951,0,null,0,Jo-Wilfried Tsonga,,,0.0,0,0,0,0
1322737907951,0,null,0,Roger Federer,,,0.0,0,0,0,0
1322737908951,0,null,0,Jo-Wilfried Tsonga,,,0.0,0,0,0,0
1322737908951,0,null,0,Roger Federer,,,0.0,0,0,0,0
1322737909952,0,null,0,Jo-Wilfried Tsonga,,,0.0,0,0,0,0
1322737909952,0,null,0,Roger Federer,,,0.0,0,0,0,0
1322737910952,0,null,0,Jo-Wilfried Tsonga,,,0.0,0,0,0,0
1322737910952,0,null,0,Roger Federer,,,0.0,0,0,0,0
1322737911953,0,null,0,Jo-Wilfried Tsonga,,,0.0,0,0,0,0
1322737911953,0,null,0,Roger Federer,,,0.0,0,0,0,0
1322737912953,0,null,0,Jo-Wilfried Tsonga,,,0.0,0,0,0,0
1322737912953,0,null,0,Roger Federer,,,0.0,0,0,0,0
1322737913953,0,null,0,Jo-Wilfried Tsonga,,,0.0,0,0,0,0
1322737913953,0,null,0,Roger Federer,,,0.0,0,0,0,0
1322737914954,0,null,0,Jo-Wilfried Tsonga,,,0.0,0,0,0,0
1322737914954,0,null,0,Roger Federer,,,0.0,0,0,0,0
1322737915954,0,null,0,Jo-Wilfried Tsonga,,,0.0,0,0,0,0
1322737915954,0,null,0,Roger Federer,,,0.0,0,0,0,0
1322737916954,0,null,0,Jo-Wilfried Tsonga,,,0.0,0,0,0,0
1322737916954,0,null,0,Roger Federer,,,0.0,0,0,0,0
1322737917955,0,null,0,Jo-Wilfried Tsonga,,,0.0,0,0,0,0
1322737917955,0,null,0,Roger Federer,,,0.0,0,0,0,0
1322737918955,0,null,0,Jo-Wilfried Tsonga,,,0.0,0,0,0,0
1322737918955,0,null,0,Roger Federer,,,0.0,0,0,0,0
1322737919955,0,null,0,Jo-Wilfried Tsonga,,,0.0,0,0,0,0
1322737919955,0,null,0,Roger Federer,,,0.0,0,0,0,0
1322737920955,0,null,0,Jo-Wilfried Tsonga,,,0.0,0,0,0,0
1322737920956,0,null,0,Roger Federer,,,0.0,0,0,0,0
1322737921956,0,null,0,Jo-Wilfried Tsonga,,,0.0,0,0,0,0
1322737921956,0,null,0,Roger Federer,,,0.0,0,0,0,0
1322737922956,0,null,0,Jo-Wilfried Tsonga,,,0.0,0,0,0,0
1322737922956,0,null,0,Roger Federer,,,0.0,0,0,0,0
1322737923956,0,null,0,Jo-Wilfried Tsonga,,,0.0,0,0,0,0
1322737923957,0,null,0,Roger Federer,,,0.0,0,0,0,0
1322737924957,0,null,0,Jo-Wilfried Tsonga,,,0.0,0,0,0,0
1322737924957,0,null,0,Roger Federer,,,0.0,0,0,0,0
1322737925957,0,null,0,Jo-Wilfried Tsonga,,,0.0,0,0,0,0
1322737925957,0,null,0,Roger Federer,,,0.0,0,0,0,0
1322737926958,0,null,0,Jo-Wilfried Tsonga,,,0.0,0,0,0,0
1322737926958,0,null,0,Roger Federer,,,0.0,0,0,0,0
1322737927958,0,null,0,Jo-Wilfried Tsonga,,,0.0,0,0,0,0
1322737927958,0,null,0,Roger Federer,,,0.0,0,0,0,0
1322737928958,0,null,0,Jo-Wilfried Tsonga,,,0.0,0,0,0,0
1322737928958,0,null,0,Roger Federer,,,0.0,0,0,0,0
1322737929959,0,null,0,Jo-Wilfried Tsonga,,,0.0,0,0,0,0
1322737929959,0,null,0,Roger Federer,,,0.0,0,0,0,0
1322737930959,0,null,0,Jo-Wilfried Tsonga,,,0.0,0,0,0,0
1322737930959,0,null,0,Roger Federer,,,0.0,0,0,0,0
1322737931959,0,null,0,Jo-Wilfried Tsonga,,,0.0,0,0,0,0
1322737931959,0,null,0,Roger Federer,,,0.0,0,0,0,0
1322737932960,0,null,0,Jo-Wilfried Tsonga,,,0.0,0,0,0,0
1322737932960,0,null,0,Roger Federer,,,0.0,0,0,0,0
1322737933960,0,null,0,Jo-Wilfried Tsonga,,,0.0,0,0,0,0
1322737933960,0,null,0,Roger Federer,,,0.0,0,0,0,0
1322737934960,0,null,0,Jo-Wilfried Tsonga,,,0.0,0,0,0,0
1322737934960,0,null,0,Roger Federer,,,0.0,0,0,0,0
1322737935961,0,null,0,Jo-Wilfried Tsonga,,,0.0,0,0,0,0
1322737935961,0,null,0,Roger Federer,,,0.0,0,0,0,0
1322737936961,0,null,0,Jo-Wilfried Tsonga,,,0.0,0,0,0,0
1322737936961,0,null,0,Roger Federer,,,0.0,0,0,0,0
1322737937961,0,null,0,Jo-Wilfried Tsonga,,,0.0,0,0,0,0
1322737937961,0,null,0,Roger Federer,,,0.0,0,0,0,0
1322737938962,0,null,0,Jo-Wilfried Tsonga,,,0.0,0,0,0,0
1322737938962,0,null,0,Roger Federer,,,0.0,0,0,0,0
1322737939962,0,null,0,Jo-Wilfried Tsonga,,,0.0,0,0,0,0
1322737939962,0,null,0,Roger Federer,,,0.0,0,0,0,0
1322737940962,0,null,0,Jo-Wilfried Tsonga,,,0.0,0,0,0,0
1322737940962,0,null,0,Roger Federer,,,0.0,0,0,0,0
1322737941962,0,null,0,Jo-Wilfried Tsonga,,,0.0,0,0,0,0
1322737941963,0,null,0,Roger Federer,,,0.0,0,0,0,0
1322737942963,0,null,0,Jo-Wilfried Tsonga,,,0.0,0,0,0,0
1322737942963,0,null,0,Roger Federer,,,0.0,0,0,0,0
1322737943963,0,null,0,Jo-Wilfried Tsonga,,,0.0,0,0,0,0
1322737943963,0,null,0,Roger Federer,,,0.0,0,0,0,0
1322737944963,0,null,0,Jo-Wilfried Tsonga,,,0.0,0,0,0,0
1322737944963,0,null,0,Roger Federer,,,0.0,0,0,0,0
1322737945964,0,null,0,Jo-Wilfried Tsonga,,,0.0,0,0,0,0
1322737945964,0,null,0,Roger Federer,,,0.0,0,0,0,0
1322737946964,0,null,0,Jo-Wilfried Tsonga,,,0.0,0,0,0,0
1322737946964,0,null,0,Roger Federer,,,0.0,0,0,0,0
1322737947964,0,null,0,Jo-Wilfried Tsonga,,,0.0,0,0,0,0
1322737947964,0,null,0,Roger Federer,,,0.0,0,0,0,0
1322737948965,0,null,0,Jo-Wilfried Tsonga,,,0.0,0,0,0,0
1322737948965,0,null,0,Roger Federer,,,0.0,0,0,0,0
1322737949965,0,null,0,Jo-Wilfried Tsonga,,,0.0,0,0,0,0
1322737949965,0,null,0,Roger Federer,,,0.0,0,0,0,0
1322737950965,0,null,0,Jo-Wilfried Tsonga,,,0.0,0,0,0,0
1322737950965,0,null,0,Roger Federer,,,0.0,0,0,0,0
1322737951966,0,null,0,Jo-Wilfried Tsonga,,,0.0,0,0,0,0
1322737951966,0,null,0,Roger Federer,,,0.0,0,0,0,0
1322737952966,0,null,0,Jo-Wilfried Tsonga,,,0.0,0,0,0,0
1322737952966,0,null,0,Roger Federer,,,0.0,0,0,0,0
1322737953966,0,null,0,Jo-Wilfried Tsonga,,,0.0,0,0,0,0
1322737953966,0,null,0,Roger Federer,,,0.0,0,0,0,0
1322737954967,0,null,0,Jo-Wilfried Tsonga,,,0.0,0,0,0,0
1322737954967,0,null,0,Roger Federer,,,0.0,0,0,0,0
1322737955967,0,null,0,Jo-Wilfried Tsonga,,,0.0,0,0,0,0
1322737955967,0,null,0,Roger Federer,,,0.0,0,0,0,0
1322737956967,0,null,0,Jo-Wilfried Tsonga,,,0.0,0,0,0,0
1322737956967,0,null,0,Roger Federer,,,0.0,0,0,0,0
1322737957968,0,null,0,Jo-Wilfried Tsonga,,,0.0,0,0,0,0
1322737957968,0,null,0,Roger Federer,,,0.0,0,0,0,0
1322737958968,0,null,0,Jo-Wilfried Tsonga,,,0.0,0,0,0,0
1322737958968,0,null,0,Roger Federer,,,0.0,0,0,0,0
1322737959968,0,null,0,Jo-Wilfried Tsonga,,,0.0,0,0,0,0
1322737959968,0,null,0,Roger Federer,,,0.0,0,0,0,0
1322737960969,0,null,0,Jo-Wilfried Tsonga,,,0.0,0,0,0,0
1322737960969,0,null,0,Roger Federer,,,0.0,0,0,0,0
1322737961969,0,null,0,Jo-Wilfried Tsonga,,,0.0,0,0,0,0
1322737961969,0,null,0,Roger Federer,,,0.0,0,0,0,0
1322737962969,0,null,0,Jo-Wilfried Tsonga,,,0.0,0,0,0,0
1322737962969,0,null,0,Roger Federer,,,0.0,0,0,0,0
1322737963970,0,null,0,Jo-Wilfried Tsonga,,,0.0,0,0,0,0
1322737963970,0,null,0,Roger Federer,,,0.0,0,0,0,0
1322737964970,0,null,0,Jo-Wilfried Tsonga,,,0.0,0,0,0,0
1322737964970,0,null,0,Roger Federer,,,0.0,0,0,0,0
1322737965970,0,null,0,Jo-Wilfried Tsonga,,,0.0,0,0,0,0
1322737965970,0,null,0,Roger Federer,,,0.0,0,0,0,0
1322737966971,0,null,0,Jo-Wilfried Tsonga,,,0.0,0,0,0,0
1322737966971,0,null,0,Roger Federer,,,0.0,0,0,0,0
1322737967971,0,null,0,Jo-Wilfried Tsonga,,,0.0,0,0,0,0
1322737967971,0,null,0,Roger Federer,,,0.0,0,0,0,0
1322737968971,0,null,0,Jo-Wilfried Tsonga,,,0.0,0,0,0,0
1322737968971,0,null,0,Roger Federer,,,0.0,0,0,0,0
1322737969971,0,null,0,Jo-Wilfried Tsonga,,,0.0,0,0,0,0
1322737969971,0,null,0,Roger Federer,,,0.0,0,0,0,0
1322737970972,0,null,0,Jo-Wilfried Tsonga,,,0.0,0,0,0,0
1322737970972,0,null,0,Roger Federer,,,0.0,0,0,0,0
1322737971972,0,null,0,Jo-Wilfried Tsonga,,,0.0,0,0,0,0
1322737971972,0,null,0,Roger Federer,,,0.0,0,0,0,0
1322737972972,0,null,0,Jo-Wilfried Tsonga,,,0.0,0,0,0,0
1322737972972,0,null,0,Roger Federer,,,0.0,0,0,0,0
1322737973973,0,null,0,Jo-Wilfried Tsonga,,,0.0,0,0,0,0
1322737973973,0,null,0,Roger Federer,,,0.0,0,0,0,0
1322737974973,0,null,0,Jo-Wilfried Tsonga,,,0.0,0,0,0,0
1322737974973,0,null,0,Roger Federer,,,0.0,0,0,0,0
1322737975973,0,null,0,Jo-Wilfried Tsonga,,,0.0,0,0,0,0
1322737975973,0,null,0,Roger Federer,,,0.0,0,0,0,0
1322737976974,0,null,0,Jo-Wilfried Tsonga,,,0.0,0,0,0,0
1322737976974,0,null,0,Roger Federer,,,0.0,0,0,0,0
1322737977974,0,null,0,Jo-Wilfried Tsonga,,,0.0,0,0,0,0
1322737977974,0,null,0,Roger Federer,,,0.0,0,0,0,0
1322737978974,0,null,0,Jo-Wilfried Tsonga,,,0.0,0,0,0,0
1322737978974,0,null,0,Roger Federer,,,0.0,0,0,0,0
1322737979975,0,null,0,Jo-Wilfried Tsonga,,,0.0,0,0,0,0
1322737979975,0,null,0,Roger Federer,,,0.0,0,0,0,0
1322737980975,0,null,0,Jo-Wilfried Tsonga,,,0.0,0,0,0,0
1322737980975,0,null,0,Roger Federer,,,0.0,0,0,0,0
1322737981975,0,null,0,Jo-Wilfried Tsonga,,,0.0,0,0,0,0
1322737981976,0,null,0,Roger Federer,,,0.0,0,0,0,0
1322737982976,0,null,0,Jo-Wilfried Tsonga,,,0.0,0,0,0,0
1322737982976,0,null,0,Roger Federer,,,0.0,0,0,0,0
1322737983976,0,null,0,Jo-Wilfried Tsonga,,,0.0,0,0,0,0
1322737983976,0,null,0,Roger Federer,,,0.0,0,0,0,0
1322737984977,0,null,0,Jo-Wilfried Tsonga,,,0.0,0,0,0,0
1322737984977,0,null,0,Roger Federer,,,0.0,0,0,0,0
1322737985977,0,null,0,Jo-Wilfried Tsonga,,,0.0,0,0,0,0
1322737985977,0,null,0,Roger Federer,,,0.0,0,0,0,0
1322737986978,0,null,0,Jo-Wilfried Tsonga,,,0.0,0,0,0,0
1322737986978,0,null,0,Roger Federer,,,0.0,0,0,0,0
1322737987978,0,null,0,Jo-Wilfried Tsonga,,,0.0,0,0,0,0
1322737987978,0,null,0,Roger Federer,,,0.0,0,0,0,0
1322737988978,0,null,0,Jo-Wilfried Tsonga,,,0.0,0,0,0,0
1322737988979,0,null,0,Roger Federer,,,0.0,0,0,0,0
1322737989979,0,null,0,Jo-Wilfried Tsonga,,,0.0,0,0,0,0
1322737989979,0,null,0,Roger Federer,,,0.0,0,0,0,0
1322737990979,0,null,0,Jo-Wilfried Tsonga,,,0.0,0,0,0,0
1322737990979,0,null,0,Roger Federer,,,0.0,0,0,0,0
1322737991980,0,null,0,Jo-Wilfried Tsonga,,,0.0,0,0,0,0
1322737991980,0,null,0,Roger Federer,,,0.0,0,0,0,0
1322737992980,0,null,0,Jo-Wilfried Tsonga,,,0.0,0,0,0,0
1322737992980,0,null,0,Roger Federer,,,0.0,0,0,0,0
1322737993980,0,null,0,Jo-Wilfried Tsonga,,,0.0,0,0,0,0
1322737993981,0,null,0,Roger Federer,,,0.0,0,0,0,0
1322737994981,0,null,0,Jo-Wilfried Tsonga,,,0.0,0,0,0,0
1322737994981,0,null,0,Roger Federer,,,0.0,0,0,0,0
1322737995981,0,null,0,Jo-Wilfried Tsonga,,,0.0,0,0,0,0
1322737995981,0,null,0,Roger Federer,,,0.0,0,0,0,0
1322737996982,0,null,0,Jo-Wilfried Tsonga,,,0.0,0,0,0,0
1322737996982,0,null,0,Roger Federer,,,0.0,0,0,0,0
1322737997982,0,null,0,Jo-Wilfried Tsonga,,,0.0,0,0,0,0
1322737997982,0,null,0,Roger Federer,,,0.0,0,0,0,0
1322737998983,0,null,0,Jo-Wilfried Tsonga,,,0.0,0,0,0,0
1322737998983,0,null,0,Roger Federer,,,0.0,0,0,0,0
1322737999983,0,null,0,Jo-Wilfried Tsonga,,,0.0,0,0,0,0
1322737999983,0,null,0,Roger Federer,,,0.0,0,0,0,0
1322738000983,0,null,0,Jo-Wilfried Tsonga,,,0.0,0,0,0,0
1322738000984,0,null,0,Roger Federer,,,0.0,0,0,0,0
1322738001984,0,null,0,Jo-Wilfried Tsonga,,,0.0,0,0,0,0
1322738001984,0,null,0,Roger Federer,,,0.0,0,0,0,0
1322738002984,0,null,0,Jo-Wilfried Tsonga,,,0.0,0,0,0,0
1322738002985,0,null,0,Roger Federer,,,0.0,0,0,0,0
1322738003985,0,null,0,Jo-Wilfried Tsonga,,,0.0,0,0,0,0
1322738003985,0,null,0,Roger Federer,,,0.0,0,0,0,0
1322738004985,0,null,0,Jo-Wilfried Tsonga,,,0.0,0,0,0,0
1322738004985,0,null,0,Roger Federer,,,0.0,0,0,0,0
1322738005986,0,null,0,Jo-Wilfried Tsonga,,,0.0,0,0,0,0
1322738005986,0,null,0,Roger Federer,,,0.0,0,0,0,0
1322738006986,0,null,0,Jo-Wilfried Tsonga,,,0.0,0,0,0,0
1322738006986,0,null,0,Roger Federer,,,0.0,0,0,0,0
1322738007987,0,null,0,Jo-Wilfried Tsonga,,,0.0,0,0,0,0
1322738007987,0,null,0,Roger Federer,,,0.0,0,0,0,0
1322738008987,0,null,0,Jo-Wilfried Tsonga,,,0.0,0,0,0,0
1322738008987,0,null,0,Roger Federer,,,0.0,0,0,0,0
1322738009987,0,null,0,Jo-Wilfried Tsonga,,,0.0,0,0,0,0
1322738009988,0,null,0,Roger Federer,,,0.0,0,0,0,0
1322738010988,0,null,0,Jo-Wilfried Tsonga,,,0.0,0,0,0,0
1322738010988,0,null,0,Roger Federer,,,0.0,0,0,0,0
1322738011988,0,null,0,Jo-Wilfried Tsonga,,,0.0,0,0,0,0
1322738011988,0,null,0,Roger Federer,,,0.0,0,0,0,0
1322738012989,0,null,0,Jo-Wilfried Tsonga,,,0.0,0,0,0,0
1322738012989,0,null,0,Roger Federer,,,0.0,0,0,0,0
1322738013989,0,null,0,Jo-Wilfried Tsonga,,,0.0,0,0,0,0
1322738013989,0,null,0,Roger Federer,,,0.0,0,0,0,0
1322738014989,0,null,0,Jo-Wilfried Tsonga,,,0.0,0,0,0,0
1322738014989,0,null,0,Roger Federer,,,0.0,0,0,0,0
1322738015990,0,null,0,Jo-Wilfried Tsonga,,,0.0,0,0,0,0
1322738015990,0,null,0,Roger Federer,,,0.0,0,0,0,0
1322738016990,0,null,0,Jo-Wilfried Tsonga,,,0.0,0,0,0,0
1322738016990,0,null,0,Roger Federer,,,0.0,0,0,0,0
1322738017990,0,null,0,Jo-Wilfried Tsonga,,,0.0,0,0,0,0
1322738017990,0,null,0,Roger Federer,,,0.0,0,0,0,0
1322738018991,0,null,0,Jo-Wilfried Tsonga,,,0.0,0,0,0,0
1322738018991,0,null,0,Roger Federer,,,0.0,0,0,0,0
1322738019991,0,null,0,Jo-Wilfried Tsonga,,,0.0,0,0,0,0
1322738019991,0,null,0,Roger Federer,,,0.0,0,0,0,0
1322738020992,0,null,0,Jo-Wilfried Tsonga,,,0.0,0,0,0,0
1322738020992,0,null,0,Roger Federer,,,0.0,0,0,0,0
1322738021992,0,null,0,Jo-Wilfried Tsonga,,,0.0,0,0,0,0
1322738021992,0,null,0,Roger Federer,,,0.0,0,0,0,0
1322738022993,0,null,0,Jo-Wilfried Tsonga,,,0.0,0,0,0,0
1322738022993,0,null,0,Roger Federer,,,0.0,0,0,0,0
1322738023993,0,null,0,Jo-Wilfried Tsonga,,,0.0,0,0,0,0
1322738023993,0,null,0,Roger Federer,,,0.0,0,0,0,0
1322738024993,0,null,0,Jo-Wilfried Tsonga,,,0.0,0,0,0,0
1322738024993,0,null,0,Roger Federer,,,0.0,0,0,0,0
1322738025994,0,null,0,Jo-Wilfried Tsonga,,,0.0,0,0,0,0
1322738025994,0,null,0,Roger Federer,,,0.0,0,0,0,0
1322738026994,0,null,0,Jo-Wilfried Tsonga,,,0.0,0,0,0,0
1322738026994,0,null,0,Roger Federer,,,0.0,0,0,0,0
1322738027994,0,null,0,Jo-Wilfried Tsonga,,,0.0,0,0,0,0
1322738027995,0,null,0,Roger Federer,,,0.0,0,0,0,0
1322738028995,0,null,0,Jo-Wilfried Tsonga,,,0.0,0,0,0,0
1322738028995,0,null,0,Roger Federer,,,0.0,0,0,0,0
1322738029995,0,null,0,Jo-Wilfried Tsonga,,,0.0,0,0,0,0
1322738029996,0,null,0,Roger Federer,,,0.0,0,0,0,0
1322738030996,0,null,0,Jo-Wilfried Tsonga,,,0.0,0,0,0,0
1322738030996,0,null,0,Roger Federer,,,0.0,0,0,0,0
1322738031996,0,null,0,Jo-Wilfried Tsonga,,,0.0,0,0,0,0
1322738031996,0,null,0,Roger Federer,,,0.0,0,0,0,0
1322738032997,0,null,0,Jo-Wilfried Tsonga,,,0.0,0,0,0,0
1322738032997,0,null,0,Roger Federer,,,0.0,0,0,0,0
1322738033997,0,null,0,Jo-Wilfried Tsonga,,,0.0,0,0,0,0
1322738033997,0,null,0,Roger Federer,,,0.0,0,0,0,0
1322738034997,0,null,0,Jo-Wilfried Tsonga,,,0.0,0,0,0,0
1322738034998,0,null,0,Roger Federer,,,0.0,0,0,0,0
1322738035998,0,null,0,Jo-Wilfried Tsonga,,,0.0,0,0,0,0
1322738035998,0,null,0,Roger Federer,,,0.0,0,0,0,0
1322738036998,0,null,0,Jo-Wilfried Tsonga,,,0.0,0,0,0,0
1322738036998,0,null,0,Roger Federer,,,0.0,0,0,0,0
1322738037999,0,null,0,Jo-Wilfried Tsonga,,,0.0,0,0,0,0
1322738037999,0,null,0,Roger Federer,,,0.0,0,0,0,0
1322738038999,0,null,0,Jo-Wilfried Tsonga,,,0.0,0,0,0,0
1322738038999,0,null,0,Roger Federer,,,0.0,0,0,0,0
1322738040000,0,null,0,Jo-Wilfried Tsonga,,,0.0,0,0,0,0
1322738040000,0,null,0,Roger Federer,,,0.0,0,0,0,0
1322738041000,0,null,0,Jo-Wilfried Tsonga,,,0.0,0,0,0,0
1322738041000,0,null,0,Roger Federer,,,0.0,0,0,0,0
1322738042001,0,null,0,Jo-Wilfried Tsonga,,,0.0,0,0,0,0
1322738042001,0,null,0,Roger Federer,,,0.0,0,0,0,0
1322738043001,0,null,0,Jo-Wilfried Tsonga,,,0.0,0,0,0,0
1322738043001,0,null,0,Roger Federer,,,0.0,0,0,0,0
1322738044002,0,null,0,Jo-Wilfried Tsonga,,,0.0,0,0,0,0
1322738044002,0,null,0,Roger Federer,,,0.0,0,0,0,0
1322738045002,0,null,0,Jo-Wilfried Tsonga,,,0.0,0,0,0,0
1322738045002,0,null,0,Roger Federer,,,0.0,0,0,0,0
1322738046003,0,null,0,Jo-Wilfried Tsonga,,,0.0,0,0,0,0
1322738046003,0,null,0,Roger Federer,,,0.0,0,0,0,0
1322738047003,0,null,0,Jo-Wilfried Tsonga,,,0.0,0,0,0,0
1322738047003,0,null,0,Roger Federer,,,0.0,0,0,0,0
1322738048003,0,null,0,Jo-Wilfried Tsonga,,,0.0,0,0,0,0
1322738048004,0,null,0,Roger Federer,,,0.0,0,0,0,0
1322738049004,0,null,0,Jo-Wilfried Tsonga,,,0.0,0,0,0,0
1322738049004,0,null,0,Roger Federer,,,0.0,0,0,0,0
1322738050004,0,null,0,Jo-Wilfried Tsonga,,,0.0,0,0,0,0
1322738050005,0,null,0,Roger Federer,,,0.0,0,0,0,0
1322738051005,0,null,0,Jo-Wilfried Tsonga,,,0.0,0,0,0,0
1322738051005,0,null,0,Roger Federer,,,0.0,0,0,0,0
1322738052005,0,null,0,Jo-Wilfried Tsonga,,,0.0,0,0,0,0
1322738052005,0,null,0,Roger Federer,,,0.0,0,0,0,0
1322738053006,0,null,0,Jo-Wilfried Tsonga,,,0.0,0,0,0,0
1322738053006,0,null,0,Roger Federer,,,0.0,0,0,0,0
1322738054006,0,null,0,Jo-Wilfried Tsonga,,,0.0,0,0,0,0
1322738054006,0,null,0,Roger Federer,,,0.0,0,0,0,0
1322738055007,0,null,0,Jo-Wilfried Tsonga,,,0.0,0,0,0,0
1322738055007,0,null,0,Roger Federer,,,0.0,0,0,0,0
1322738056007,0,null,0,Jo-Wilfried Tsonga,,,0.0,0,0,0,0
1322738056007,0,null,0,Roger Federer,,,0.0,0,0,0,0
1322738057008,0,null,0,Jo-Wilfried Tsonga,,,0.0,0,0,0,0
1322738057008,0,null,0,Roger Federer,,,0.0,0,0,0,0
1322738058008,0,null,0,Jo-Wilfried Tsonga,,,0.0,0,0,0,0
1322738058008,0,null,0,Roger Federer,,,0.0,0,0,0,0
1322738059008,0,null,0,Jo-Wilfried Tsonga,,,0.0,0,0,0,0
1322738059009,0,null,0,Roger Federer,,,0.0,0,0,0,0
1322738060009,0,null,0,Jo-Wilfried Tsonga,,,0.0,0,0,0,0
1322738060009,0,null,0,Roger Federer,,,0.0,0,0,0,0
1322738061009,0,null,0,Jo-Wilfried Tsonga,,,0.0,0,0,0,0
1322738061010,0,null,0,Roger Federer,,,0.0,0,0,0,0
1322738062010,0,null,0,Jo-Wilfried Tsonga,,,0.0,0,0,0,0
1322738062010,0,null,0,Roger Federer,,,0.0,0,0,0,0
1322738063010,0,null,0,Jo-Wilfried Tsonga,,,0.0,0,0,0,0
1322738063011,0,null,0,Roger Federer,,,0.0,0,0,0,0
1322738064011,0,null,0,Jo-Wilfried Tsonga,,,0.0,0,0,0,0
1322738064011,0,null,0,Roger Federer,,,0.0,0,0,0,0
1322738065011,0,null,0,Jo-Wilfried Tsonga,,,0.0,0,0,0,0
1322738065011,0,null,0,Roger Federer,,,0.0,0,0,0,0
1322738066012,0,null,0,Jo-Wilfried Tsonga,,,0.0,0,0,0,0
1322738066012,0,null,0,Roger Federer,,,0.0,0,0,0,0
1322738067012,0,null,0,Jo-Wilfried Tsonga,,,0.0,0,0,0,0
1322738067012,0,null,0,Roger Federer,,,0.0,0,0,0,0
1322738068013,0,null,0,Jo-Wilfried Tsonga,,,0.0,0,0,0,0
1322738068013,0,null,0,Roger Federer,,,0.0,0,0,0,0
1322738069013,0,null,0,Jo-Wilfried Tsonga,,,0.0,0,0,0,0
1322738069013,0,null,0,Roger Federer,,,0.0,0,0,0,0
1322738070014,0,null,0,Jo-Wilfried Tsonga,,,0.0,0,0,0,0
1322738070014,0,null,0,Roger Federer,,,0.0,0,0,0,0
1322738071014,0,null,0,Jo-Wilfried Tsonga,,,0.0,0,0,0,0
1322738071014,0,null,0,Roger Federer,,,0.0,0,0,0,0
1322738072014,0,null,0,Jo-Wilfried Tsonga,,,0.0,0,0,0,0
1322738072015,0,null,0,Roger Federer,,,0.0,0,0,0,0
1322738073015,0,null,0,Jo-Wilfried Tsonga,,,0.0,0,0,0,0
1322738073015,0,null,0,Roger Federer,,,0.0,0,0,0,0
1322738074015,0,null,0,Jo-Wilfried Tsonga,,,0.0,0,0,0,0
1322738074015,0,null,0,Roger Federer,,,0.0,0,0,0,0
1322738075016,0,null,0,Jo-Wilfried Tsonga,,,0.0,0,0,0,0
1322738075016,0,null,0,Roger Federer,,,0.0,0,0,0,0
1322738076016,0,null,0,Jo-Wilfried Tsonga,,,0.0,0,0,0,0
1322738076016,0,null,0,Roger Federer,,,0.0,0,0,0,0
1322738077017,0,null,0,Jo-Wilfried Tsonga,,,0.0,0,0,0,0
1322738077017,0,null,0,Roger Federer,,,0.0,0,0,0,0
1322738035244,0,null,0,Jo-Wilfried Tsonga,,,0.0,0,0,0,0
1322738035244,0,null,0,Roger Federer,,,0.0,0,0,0,0
1322738036245,0,null,0,Jo-Wilfried Tsonga,,,0.0,0,0,0,0
1322738036245,0,null,0,Roger Federer,,,0.0,0,0,0,0
1322738037245,0,null,0,Jo-Wilfried Tsonga,,,0.0,0,0,0,0
1322738037245,0,null,0,Roger Federer,,,0.0,0,0,0,0
1322738038245,0,null,0,Jo-Wilfried Tsonga,,,0.0,0,0,0,0
1322738038246,0,null,0,Roger Federer,,,0.0,0,0,0,0
1322738039246,0,null,0,Jo-Wilfried Tsonga,,,0.0,0,0,0,0
1322738039246,0,null,0,Roger Federer,,,0.0,0,0,0,0
1322738040246,0,null,0,Jo-Wilfried Tsonga,,,0.0,0,0,0,0
1322738040246,0,null,0,Roger Federer,,,0.0,0,0,0,0
1322738041247,0,null,0,Jo-Wilfried Tsonga,,,0.0,0,0,0,0
1322738041247,0,null,0,Roger Federer,,,0.0,0,0,0,0
1322738042247,0,null,0,Jo-Wilfried Tsonga,,,0.0,0,0,0,0
1322738042247,0,null,0,Roger Federer,,,0.0,0,0,0,0
1322738043247,0,null,0,Jo-Wilfried Tsonga,,,0.0,0,0,0,0
1322738043248,0,null,0,Roger Federer,,,0.0,0,0,0,0
1322738044248,0,null,0,Jo-Wilfried Tsonga,,,0.0,0,0,0,0
1322738044248,0,null,0,Roger Federer,,,0.0,0,0,0,0
1322738045248,0,null,0,Jo-Wilfried Tsonga,,,0.0,0,0,0,0
1322738045249,0,null,0,Roger Federer,,,0.0,0,0,0,0
1322738046249,0,null,0,Jo-Wilfried Tsonga,,,0.0,0,0,0,0
1322738046249,0,null,0,Roger Federer,,,0.0,0,0,0,0
1322738047249,0,null,0,Jo-Wilfried Tsonga,,,0.0,0,0,0,0
1322738047249,0,null,0,Roger Federer,,,0.0,0,0,0,0
1322738048250,0,null,0,Jo-Wilfried Tsonga,,,0.0,0,0,0,0
1322738048250,0,null,0,Roger Federer,,,0.0,0,0,0,0
1322738049250,0,null,0,Jo-Wilfried Tsonga,,,0.0,0,0,0,0
1322738049250,0,null,0,Roger Federer,,,0.0,0,0,0,0
1322738050250,0,null,0,Jo-Wilfried Tsonga,,,0.0,0,0,0,0
1322738050251,0,null,0,Roger Federer,,,0.0,0,0,0,0
1322738051251,0,null,0,Jo-Wilfried Tsonga,,,0.0,0,0,0,0
1322738051251,0,null,0,Roger Federer,,,0.0,0,0,0,0
1322738052251,0,null,0,Jo-Wilfried Tsonga,,,0.0,0,0,0,0
1322738052251,0,null,0,Roger Federer,,,0.0,0,0,0,0
1322738053252,0,null,0,Jo-Wilfried Tsonga,,,0.0,0,0,0,0
1322738053252,0,null,0,Roger Federer,,,0.0,0,0,0,0
1322738054252,0,null,0,Jo-Wilfried Tsonga,,,0.0,0,0,0,0
1322738054252,0,null,0,Roger Federer,,,0.0,0,0,0,0
1322738055252,0,null,0,Jo-Wilfried Tsonga,,,0.0,0,0,0,0
1322738055253,0,null,0,Roger Federer,,,0.0,0,0,0,0
1322738056253,0,null,0,Jo-Wilfried Tsonga,,,0.0,0,0,0,0
1322738056253,0,null,0,Roger Federer,,,0.0,0,0,0,0
1322738057253,0,null,0,Jo-Wilfried Tsonga,,,0.0,0,0,0,0
1322738057253,0,null,0,Roger Federer,,,0.0,0,0,0,0
1322738058254,0,null,0,Jo-Wilfried Tsonga,,,0.0,0,0,0,0
1322738058254,0,null,0,Roger Federer,,,0.0,0,0,0,0
1322738059254,0,null,0,Jo-Wilfried Tsonga,,,0.0,0,0,0,0
1322738059254,0,null,0,Roger Federer,,,0.0,0,0,0,0
1322738060254,0,null,0,Jo-Wilfried Tsonga,,,0.0,0,0,0,0
1322738060255,0,null,0,Roger Federer,,,0.0,0,0,0,0
1322738061255,0,null,0,Jo-Wilfried Tsonga,,,0.0,0,0,0,0
1322738061255,0,null,0,Roger Federer,,,0.0,0,0,0,0
1322738062255,0,null,0,Jo-Wilfried Tsonga,,,0.0,0,0,0,0
1322738062255,0,null,0,Roger Federer,,,0.0,0,0,0,0
1322738063256,0,null,0,Jo-Wilfried Tsonga,,,0.0,0,0,0,0
1322738063256,0,null,0,Roger Federer,,,0.0,0,0,0,0
1322738064256,0,null,0,Jo-Wilfried Tsonga,,,0.0,0,0,0,0
1322738064257,0,null,0,Roger Federer,,,0.0,0,0,0,0
1322738065257,0,null,0,Jo-Wilfried Tsonga,,,0.0,0,0,0,0
1322738065257,0,null,0,Roger Federer,,,0.0,0,0,0,0
1322738066257,0,null,0,Jo-Wilfried Tsonga,,,0.0,0,0,0,0
1322738066258,0,null,0,Roger Federer,,,0.0,0,0,0,0
1322738067258,0,null,0,Jo-Wilfried Tsonga,,,0.0,0,0,0,0
1322738067258,0,null,0,Roger Federer,,,0.0,0,0,0,0
1322738068258,0,null,0,Jo-Wilfried Tsonga,,,0.0,0,0,0,0
1322738068258,0,null,0,Roger Federer,,,0.0,0,0,0,0
1322738069259,0,null,0,Jo-Wilfried Tsonga,,,0.0,0,0,0,0
1322738069259,0,null,0,Roger Federer,,,0.0,0,0,0,0
1322738070259,0,null,0,Jo-Wilfried Tsonga,,,0.0,0,0,0,0
1322738070259,0,null,0,Roger Federer,,,0.0,0,0,0,0
1322738071260,0,null,0,Jo-Wilfried Tsonga,,,0.0,0,0,0,0
1322738071260,0,null,0,Roger Federer,,,0.0,0,0,0,0
1322738072260,0,null,0,Jo-Wilfried Tsonga,,,0.0,0,0,0,0
1322738072260,0,null,0,Roger Federer,,,0.0,0,0,0,0
1322738073260,0,null,0,Jo-Wilfried Tsonga,,,0.0,0,0,0,0
1322738073260,0,null,0,Roger Federer,,,0.0,0,0,0,0
1322738074261,0,null,0,Jo-Wilfried Tsonga,,,0.0,0,0,0,0
1322738074261,0,null,0,Roger Federer,,,0.0,0,0,0,0
1322738075261,0,null,0,Jo-Wilfried Tsonga,,,0.0,0,0,0,0
1322738075261,0,null,0,Roger Federer,,,0.0,0,0,0,0
1322738076261,0,null,0,Jo-Wilfried Tsonga,,,0.0,0,0,0,0
1322738076262,0,null,0,Roger Federer,,,0.0,0,0,0,0
1322738077262,0,null,0,Jo-Wilfried Tsonga,,,0.0,0,0,0,0
1322738077262,0,null,0,Roger Federer,,,0.0,0,0,0,0
1322738078262,0,null,0,Jo-Wilfried Tsonga,,,0.0,0,0,0,0
1322738078262,0,null,0,Roger Federer,,,0.0,0,0,0,0
1322738079263,0,null,0,Jo-Wilfried Tsonga,,,0.0,0,0,0,0
1322738079263,0,null,0,Roger Federer,,,0.0,0,0,0,0
1322738080263,0,null,0,Jo-Wilfried Tsonga,,,0.0,0,0,0,0
1322738080263,0,null,0,Roger Federer,,,0.0,0,0,0,0
1322738081263,0,null,0,Jo-Wilfried Tsonga,,,0.0,0,0,0,0
1322738081263,0,null,0,Roger Federer,,,0.0,0,0,0,0
1322738082264,0,null,0,Jo-Wilfried Tsonga,,,0.0,0,0,0,0
1322738082264,0,null,0,Roger Federer,,,0.0,0,0,0,0
1322738083264,0,null,0,Jo-Wilfried Tsonga,,,0.0,0,0,0,0
1322738083264,0,null,0,Roger Federer,,,0.0,0,0,0,0
1322738084264,0,null,0,Jo-Wilfried Tsonga,,,0.0,0,0,0,0
1322738084264,0,null,0,Roger Federer,,,0.0,0,0,0,0
1322738085265,0,null,0,Jo-Wilfried Tsonga,,,0.0,0,0,0,0
1322738085265,0,null,0,Roger Federer,,,0.0,0,0,0,0
1322738086265,0,null,0,Jo-Wilfried Tsonga,,,0.0,0,0,0,0
1322738086265,0,null,0,Roger Federer,,,0.0,0,0,0,0
1322738087265,0,null,0,Jo-Wilfried Tsonga,,,0.0,0,0,0,0
1322738087266,0,null,0,Roger Federer,,,0.0,0,0,0,0
1322738088266,0,null,0,Jo-Wilfried Tsonga,,,0.0,0,0,0,0
1322738088266,0,null,0,Roger Federer,,,0.0,0,0,0,0
1322738089266,0,null,0,Jo-Wilfried Tsonga,,,0.0,0,0,0,0
1322738089266,0,null,0,Roger Federer,,,0.0,0,0,0,0
1322738090266,0,null,0,Jo-Wilfried Tsonga,,,0.0,0,0,0,0
1322738090267,0,null,0,Roger Federer,,,0.0,0,0,0,0
1322738091267,0,null,0,Jo-Wilfried Tsonga,,,0.0,0,0,0,0
1322738091267,0,null,0,Roger Federer,,,0.0,0,0,0,0
1322738092267,0,null,0,Jo-Wilfried Tsonga,,,0.0,0,0,0,0
1322738092267,0,null,0,Roger Federer,,,0.0,0,0,0,0
1322738093267,0,null,0,Jo-Wilfried Tsonga,,,0.0,0,0,0,0
1322738093268,0,null,0,Roger Federer,,,0.0,0,0,0,0
1322738094268,0,null,0,Jo-Wilfried Tsonga,,,0.0,0,0,0,0
1322738094268,0,null,0,Roger Federer,,,0.0,0,0,0,0
1322738095268,0,null,0,Jo-Wilfried Tsonga,,,0.0,0,0,0,0
1322738095268,0,null,0,Roger Federer,,,0.0,0,0,0,0
1322738096269,0,null,0,Jo-Wilfried Tsonga,,,0.0,0,0,0,0
1322738096269,0,null,0,Roger Federer,,,0.0,0,0,0,0
1322738097269,0,null,0,Jo-Wilfried Tsonga,,,0.0,0,0,0,0
1322738097269,0,null,0,Roger Federer,,,0.0,0,0,0,0
1322738098269,0,null,0,Jo-Wilfried Tsonga,,,0.0,0,0,0,0
1322738098269,0,null,0,Roger Federer,,,0.0,0,0,0,0
1322738099270,0,null,0,Jo-Wilfried Tsonga,,,0.0,0,0,0,0
1322738099270,0,null,0,Roger Federer,,,0.0,0,0,0,0
1322738100270,0,null,0,Jo-Wilfried Tsonga,,,0.0,0,0,0,0
1322738100270,0,null,0,Roger Federer,,,0.0,0,0,0,0
1322738101271,0,null,0,Jo-Wilfried Tsonga,,,0.0,0,0,0,0
1322738101271,0,null,0,Roger Federer,,,0.0,0,0,0,0
1322738102271,0,null,0,Jo-Wilfried Tsonga,,,0.0,0,0,0,0
1322738102271,0,null,0,Roger Federer,,,0.0,0,0,0,0
1322738103271,0,null,0,Jo-Wilfried Tsonga,,,0.0,0,0,0,0
1322738103271,0,null,0,Roger Federer,,,0.0,0,0,0,0
1322738104272,0,null,0,Jo-Wilfried Tsonga,,,0.0,0,0,0,0
1322738104272,0,null,0,Roger Federer,,,0.0,0,0,0,0
1322738105272,0,null,0,Jo-Wilfried Tsonga,,,0.0,0,0,0,0
1322738105272,0,null,0,Roger Federer,,,0.0,0,0,0,0
1322738106272,0,null,0,Jo-Wilfried Tsonga,,,0.0,0,0,0,0
1322738106272,0,null,0,Roger Federer,,,0.0,0,0,0,0
1322738107273,0,null,0,Jo-Wilfried Tsonga,,,0.0,0,0,0,0
1322738107273,0,null,0,Roger Federer,,,0.0,0,0,0,0
1322738108273,0,null,0,Jo-Wilfried Tsonga,,,0.0,0,0,0,0
1322738108273,0,null,0,Roger Federer,,,0.0,0,0,0,0
1322738109273,0,null,0,Jo-Wilfried Tsonga,,,0.0,0,0,0,0
1322738109273,0,null,0,Roger Federer,,,0.0,0,0,0,0
1322738110274,0,null,0,Jo-Wilfried Tsonga,,,0.0,0,0,0,0
1322738110274,0,null,0,Roger Federer,,,0.0,0,0,0,0
1322738111278,0,null,0,Jo-Wilfried Tsonga,,,0.0,0,0,0,0
1322737992301,0,null,0,Roger Federer,,,0.0,0,0,0,0
1322737993301,0,null,0,Jo-Wilfried Tsonga,,,0.0,0,0,0,0
1322737993301,0,null,0,Roger Federer,,,0.0,0,0,0,0
1322737994302,0,null,0,Jo-Wilfried Tsonga,,,0.0,0,0,0,0
1322737994302,0,null,0,Roger Federer,,,0.0,0,0,0,0
1322737995302,0,null,0,Jo-Wilfried Tsonga,,,0.0,0,0,0,0
1322737995302,0,null,0,Roger Federer,,,0.0,0,0,0,0
1322737996302,0,null,0,Jo-Wilfried Tsonga,,,0.0,0,0,0,0
1322737996302,0,null,0,Roger Federer,,,0.0,0,0,0,0
1322737997303,0,null,0,Jo-Wilfried Tsonga,,,0.0,0,0,0,0
1322737997303,0,null,0,Roger Federer,,,0.0,0,0,0,0
1322737998303,0,null,0,Jo-Wilfried Tsonga,,,0.0,0,0,0,0
1322737998303,0,null,0,Roger Federer,,,0.0,0,0,0,0
1322737999303,0,null,0,Jo-Wilfried Tsonga,,,0.0,0,0,0,0
1322737999303,0,null,0,Roger Federer,,,0.0,0,0,0,0
1322738000303,0,null,0,Jo-Wilfried Tsonga,,,0.0,0,0,0,0
1322738000303,0,null,0,Roger Federer,,,0.0,0,0,0,0
1322738001304,0,null,0,Jo-Wilfried Tsonga,,,0.0,0,0,0,0
1322738001304,0,null,0,Roger Federer,,,0.0,0,0,0,0
1322738002304,0,null,0,Jo-Wilfried Tsonga,,,0.0,0,0,0,0
1322738002304,0,null,0,Roger Federer,,,0.0,0,0,0,0
1322738003304,0,null,0,Jo-Wilfried Tsonga,,,0.0,0,0,0,0
1322738003304,0,null,0,Roger Federer,,,0.0,0,0,0,0
1322738004305,0,null,0,Jo-Wilfried Tsonga,,,0.0,0,0,0,0
1322738004305,0,null,0,Roger Federer,,,0.0,0,0,0,0
1322738005305,0,null,0,Jo-Wilfried Tsonga,,,0.0,0,0,0,0
1322738005305,0,null,0,Roger Federer,,,0.0,0,0,0,0
1322738006305,0,null,0,Jo-Wilfried Tsonga,,,0.0,0,0,0,0
1322738006305,0,null,0,Roger Federer,,,0.0,0,0,0,0
1322738007305,0,null,0,Jo-Wilfried Tsonga,,,0.0,0,0,0,0
1322738007306,0,null,0,Roger Federer,,,0.0,0,0,0,0
1322738008306,0,null,0,Jo-Wilfried Tsonga,,,0.0,0,0,0,0
1322738008306,0,null,0,Roger Federer,,,0.0,0,0,0,0
1322738009306,0,null,0,Jo-Wilfried Tsonga,,,0.0,0,0,0,0
1322738009306,0,null,0,Roger Federer,,,0.0,0,0,0,0
1322738010306,0,null,0,Jo-Wilfried Tsonga,,,0.0,0,0,0,0
1322738010306,0,null,0,Roger Federer,,,0.0,0,0,0,0
1322738011307,0,null,0,Jo-Wilfried Tsonga,,,0.0,0,0,0,0
1322738011307,0,null,0,Roger Federer,,,0.0,0,0,0,0
1322738012307,0,null,0,Jo-Wilfried Tsonga,,,0.0,0,0,0,0
1322738012307,0,null,0,Roger Federer,,,0.0,0,0,0,0
1322738013307,0,null,0,Jo-Wilfried Tsonga,,,0.0,0,0,0,0
1322738013307,0,null,0,Roger Federer,,,0.0,0,0,0,0
1322738014307,0,null,0,Jo-Wilfried Tsonga,,,0.0,0,0,0,0
1322738014308,0,null,0,Roger Federer,,,0.0,0,0,0,0
1322738015308,0,null,0,Jo-Wilfried Tsonga,,,0.0,0,0,0,0
1322738015308,0,null,0,Roger Federer,,,0.0,0,0,0,0
1322738016308,0,null,0,Jo-Wilfried Tsonga,,,0.0,0,0,0,0
1322738016308,0,null,0,Roger Federer,,,0.0,0,0,0,0
1322738017308,0,null,0,Jo-Wilfried Tsonga,,,0.0,0,0,0,0
1322738017308,0,null,0,Roger Federer,,,0.0,0,0,0,0
1322738018311,0,null,0,Jo-Wilfried Tsonga,,,0.0,0,0,0,0
1322738018311,0,null,0,Roger Federer,,,0.0,0,0,0,0
1322738019311,0,null,0,Jo-Wilfried Tsonga,,,0.0,0,0,0,0
1322738019311,0,null,0,Roger Federer,,,0.0,0,0,0,0
1322738020311,0,null,0,Jo-Wilfried Tsonga,,,0.0,0,0,0,0
1322738020312,0,null,0,Roger Federer,,,0.0,0,0,0,0
1322738021312,0,null,0,Jo-Wilfried Tsonga,,,0.0,0,0,0,0
1322738021312,0,null,0,Roger Federer,,,0.0,0,0,0,0
1322738022312,0,null,0,Jo-Wilfried Tsonga,,,0.0,0,0,0,0
1322738022312,0,null,0,Roger Federer,,,0.0,0,0,0,0
1322738023312,0,null,0,Jo-Wilfried Tsonga,,,0.0,0,0,0,0
1322738023312,0,null,0,Roger Federer,,,0.0,0,0,0,0
1322738024313,0,null,0,Jo-Wilfried Tsonga,,,0.0,0,0,0,0
1322738024313,0,null,0,Roger Federer,,,0.0,0,0,0,0
1322738025313,0,null,0,Jo-Wilfried Tsonga,,,0.0,0,0,0,0
1322738025313,0,null,0,Roger Federer,,,0.0,0,0,0,0
1322738026314,0,null,0,Jo-Wilfried Tsonga,,,0.0,0,0,0,0
1322738026314,0,null,0,Roger Federer,,,0.0,0,0,0,0
1322738027314,0,null,0,Jo-Wilfried Tsonga,,,0.0,0,0,0,0
1322738027314,0,null,0,Roger Federer,,,0.0,0,0,0,0
1322738028315,0,null,0,Jo-Wilfried Tsonga,,,0.0,0,0,0,0
1322738028315,0,null,0,Roger Federer,,,0.0,0,0,0,0
1322738029315,0,null,0,Jo-Wilfried Tsonga,,,0.0,0,0,0,0
1322738029315,0,null,0,Roger Federer,,,0.0,0,0,0,0
1322738030315,0,null,0,Jo-Wilfried Tsonga,,,0.0,0,0,0,0
1322738030315,0,null,0,Roger Federer,,,0.0,0,0,0,0
1322738031315,0,null,0,Jo-Wilfried Tsonga,,,0.0,0,0,0,0
1322738031316,0,null,0,Roger Federer,,,0.0,0,0,0,0
1322738032316,0,null,0,Jo-Wilfried Tsonga,,,0.0,0,0,0,0
1322738032316,0,null,0,Roger Federer,,,0.0,0,0,0,0
1322738033316,0,null,0,Jo-Wilfried Tsonga,,,0.0,0,0,0,0
1322738033316,0,null,0,Roger Federer,,,0.0,0,0,0,0
1322738034316,0,null,0,Jo-Wilfried Tsonga,,,0.0,0,0,0,0
1322738034316,0,null,0,Roger Federer,,,0.0,0,0,0,0
1322738035317,0,null,0,Jo-Wilfried Tsonga,,,0.0,0,0,0,0
1322738035317,0,null,0,Roger Federer,,,0.0,0,0,0,0
1322738036317,0,null,0,Jo-Wilfried Tsonga,,,0.0,0,0,0,0
1322738036317,0,null,0,Roger Federer,,,0.0,0,0,0,0
1322738037317,0,null,0,Jo-Wilfried Tsonga,,,0.0,0,0,0,0
1322738037317,0,null,0,Roger Federer,,,0.0,0,0,0,0
1322738038318,0,null,0,Jo-Wilfried Tsonga,,,0.0,0,0,0,0
1322738038318,0,null,0,Roger Federer,,,0.0,0,0,0,0
1322738039318,0,null,0,Jo-Wilfried Tsonga,,,0.0,0,0,0,0
1322738039318,0,null,0,Roger Federer,,,0.0,0,0,0,0
1322738040318,0,null,0,Jo-Wilfried Tsonga,,,0.0,0,0,0,0
1322738040318,0,null,0,Roger Federer,,,0.0,0,0,0,0
1322738041319,0,null,0,Jo-Wilfried Tsonga,,,0.0,0,0,0,0
1322738041319,0,null,0,Roger Federer,,,0.0,0,0,0,0
1322738042319,0,null,0,Jo-Wilfried Tsonga,,,0.0,0,0,0,0
1322738042319,0,null,0,Roger Federer,,,0.0,0,0,0,0
1322738043319,0,null,0,Jo-Wilfried Tsonga,,,0.0,0,0,0,0
1322738043319,0,null,0,Roger Federer,,,0.0,0,0,0,0
1322738044320,0,null,0,Jo-Wilfried Tsonga,,,0.0,0,0,0,0
1322738044320,0,null,0,Roger Federer,,,0.0,0,0,0,0
1322738045320,0,null,0,Jo-Wilfried Tsonga,,,0.0,0,0,0,0
1322738045320,0,null,0,Roger Federer,,,0.0,0,0,0,0
1322738046320,0,null,0,Jo-Wilfried Tsonga,,,0.0,0,0,0,0
1322738046320,0,null,0,Roger Federer,,,0.0,0,0,0,0
1322738047320,0,null,0,Jo-Wilfried Tsonga,,,0.0,0,0,0,0
1322738047321,0,null,0,Roger Federer,,,0.0,0,0,0,0
1322738048321,0,null,0,Jo-Wilfried Tsonga,,,0.0,0,0,0,0
1322738048321,0,null,0,Roger Federer,,,0.0,0,0,0,0
1322738049321,0,null,0,Jo-Wilfried Tsonga,,,0.0,0,0,0,0
1322738049321,0,null,0,Roger Federer,,,0.0,0,0,0,0
1322738050321,0,null,0,Jo-Wilfried Tsonga,,,0.0,0,0,0,0
1322738050322,0,null,0,Roger Federer,,,0.0,0,0,0,0
1322738051322,0,null,0,Jo-Wilfried Tsonga,,,0.0,0,0,0,0
1322738051322,0,null,0,Roger Federer,,,0.0,0,0,0,0
1322738052322,0,null,0,Jo-Wilfried Tsonga,,,0.0,0,0,0,0
1322738052322,0,null,0,Roger Federer,,,0.0,0,0,0,0
1322738053322,0,null,0,Jo-Wilfried Tsonga,,,0.0,0,0,0,0
1322738053323,0,null,0,Roger Federer,,,0.0,0,0,0,0
1322738054323,0,null,0,Jo-Wilfried Tsonga,,,0.0,0,0,0,0
1322738054323,0,null,0,Roger Federer,,,0.0,0,0,0,0
1322738055323,0,null,0,Jo-Wilfried Tsonga,,,0.0,0,0,0,0
1322738055323,0,null,0,Roger Federer,,,0.0,0,0,0,0
1322738056323,0,null,0,Jo-Wilfried Tsonga,,,0.0,0,0,0,0
1322738056323,0,null,0,Roger Federer,,,0.0,0,0,0,0
1322738057324,0,null,0,Jo-Wilfried Tsonga,,,0.0,0,0,0,0
1322738057324,0,null,0,Roger Federer,,,0.0,0,0,0,0
1322738058324,0,null,0,Jo-Wilfried Tsonga,,,0.0,0,0,0,0
1322738058324,0,null,0,Roger Federer,,,0.0,0,0,0,0
1322738059324,0,null,0,Jo-Wilfried Tsonga,,,0.0,0,0,0,0
1322738059324,0,null,0,Roger Federer,,,0.0,0,0,0,0
1322738060325,0,null,0,Jo-Wilfried Tsonga,,,0.0,0,0,0,0
1322738060325,0,null,0,Roger Federer,,,0.0,0,0,0,0
1322738061325,0,null,0,Jo-Wilfried Tsonga,,,0.0,0,0,0,0
1322738061325,0,null,0,Roger Federer,,,0.0,0,0,0,0
1322738062325,0,null,0,Jo-Wilfried Tsonga,,,0.0,0,0,0,0
1322738062325,0,null,0,Roger Federer,,,0.0,0,0,0,0
1322738063326,0,null,0,Jo-Wilfried Tsonga,,,0.0,0,0,0,0
1322738063326,0,null,0,Roger Federer,,,0.0,0,0,0,0
1322738064326,0,null,0,Jo-Wilfried Tsonga,,,0.0,0,0,0,0
1322738064326,0,null,0,Roger Federer,,,0.0,0,0,0,0
1322738065326,0,null,0,Jo-Wilfried Tsonga,,,0.0,0,0,0,0
1322738065326,0,null,0,Roger Federer,,,0.0,0,0,0,0
1322738066326,0,null,0,Jo-Wilfried Tsonga,,,0.0,0,0,0,0
1322738066327,0,null,0,Roger Federer,,,0.0,0,0,0,0
1322738067327,0,null,0,Jo-Wilfried Tsonga,,,0.0,0,0,0,0
1322738067327,0,null,0,Roger Federer,,,0.0,0,0,0,0
1322738068327,0,null,0,Jo-Wilfried Tsonga,,,0.0,0,0,0,0
1322738068327,0,null,0,Roger Federer,,,0.0,0,0,0,0
1322738069328,0,null,0,Jo-Wilfried Tsonga,,,0.0,0,0,0,0
1322738069328,0,null,0,Roger Federer,,,0.0,0,0,0,0
1322738070328,0,null,0,Jo-Wilfried Tsonga,,,0.0,0,0,0,0
1322738070328,0,null,0,Roger Federer,,,0.0,0,0,0,0
1322738071328,0,null,0,Jo-Wilfried Tsonga,,,0.0,0,0,0,0
1322738071328,0,null,0,Roger Federer,,,0.0,0,0,0,0
1322738072328,0,null,0,Jo-Wilfried Tsonga,,,0.0,0,0,0,0
1322738072329,0,null,0,Roger Federer,,,0.0,0,0,0,0
1322738073329,0,null,0,Jo-Wilfried Tsonga,,,0.0,0,0,0,0
1322738073329,0,null,0,Roger Federer,,,0.0,0,0,0,0
1322738074329,0,null,0,Jo-Wilfried Tsonga,,,0.0,0,0,0,0
1322738074329,0,null,0,Roger Federer,,,0.0,0,0,0,0
1322738075329,0,null,0,Jo-Wilfried Tsonga,,,0.0,0,0,0,0
1322738075329,0,null,0,Roger Federer,,,0.0,0,0,0,0
1322738076330,0,null,0,Jo-Wilfried Tsonga,,,0.0,0,0,0,0
1322738076330,0,null,0,Roger Federer,,,0.0,0,0,0,0
1322738077330,0,null,0,Jo-Wilfried Tsonga,,,0.0,0,0,0,0
1322738077330,0,null,0,Roger Federer,,,0.0,0,0,0,0
1322738078330,0,null,0,Jo-Wilfried Tsonga,,,0.0,0,0,0,0
1322738078330,0,null,0,Roger Federer,,,0.0,0,0,0,0
1322738079331,0,null,0,Jo-Wilfried Tsonga,,,0.0,0,0,0,0
1322738079331,0,null,0,Roger Federer,,,0.0,0,0,0,0
1322738080331,0,null,0,Jo-Wilfried Tsonga,,,0.0,0,0,0,0
1322738080331,0,null,0,Roger Federer,,,0.0,0,0,0,0
1322738081331,0,null,0,Jo-Wilfried Tsonga,,,0.0,0,0,0,0
1322738081331,0,null,0,Roger Federer,,,0.0,0,0,0,0
1322738082332,0,null,0,Jo-Wilfried Tsonga,,,0.0,0,0,0,0
1322738082332,0,null,0,Roger Federer,,,0.0,0,0,0,0
1322738083332,0,null,0,Jo-Wilfried Tsonga,,,0.0,0,0,0,0
1322738083332,0,null,0,Roger Federer,,,0.0,0,0,0,0
1322738084332,0,null,0,Jo-Wilfried Tsonga,,,0.0,0,0,0,0
1322738084332,0,null,0,Roger Federer,,,0.0,0,0,0,0
1322738085332,0,null,0,Jo-Wilfried Tsonga,,,0.0,0,0,0,0
1322738085333,0,null,0,Roger Federer,,,0.0,0,0,0,0
1322738086333,0,null,0,Jo-Wilfried Tsonga,,,0.0,0,0,0,0
1322738086333,0,null,0,Roger Federer,,,0.0,0,0,0,0
1322738087333,0,null,0,Jo-Wilfried Tsonga,,,0.0,0,0,0,0
1322738087333,0,null,0,Roger Federer,,,0.0,0,0,0,0
1322738088333,0,null,0,Jo-Wilfried Tsonga,,,0.0,0,0,0,0
1322738088334,0,null,0,Roger Federer,,,0.0,0,0,0,0
1322738089334,0,null,0,Jo-Wilfried Tsonga,,,0.0,0,0,0,0
1322738089334,0,null,0,Roger Federer,,,0.0,0,0,0,0
1322738090334,0,null,0,Jo-Wilfried Tsonga,,,0.0,0,0,0,0
1322738090334,0,null,0,Roger Federer,,,0.0,0,0,0,0
1322738091334,0,null,0,Jo-Wilfried Tsonga,,,0.0,0,0,0,0
1322738091335,0,null,0,Roger Federer,,,0.0,0,0,0,0
1322738092335,0,null,0,Jo-Wilfried Tsonga,,,0.0,0,0,0,0
1322738092335,0,null,0,Roger Federer,,,0.0,0,0,0,0
1322738093335,0,null,0,Jo-Wilfried Tsonga,,,0.0,0,0,0,0
1322738093335,0,null,0,Roger Federer,,,0.0,0,0,0,0
1322738094335,0,null,0,Jo-Wilfried Tsonga,,,0.0,0,0,0,0
1322738094336,0,null,0,Roger Federer,,,0.0,0,0,0,0
1322738095336,0,null,0,Jo-Wilfried Tsonga,,,0.0,0,0,0,0
1322738095336,0,null,0,Roger Federer,,,0.0,0,0,0,0
1322738096336,0,null,0,Jo-Wilfried Tsonga,,,0.0,0,0,0,0
1322738096336,0,null,0,Roger Federer,,,0.0,0,0,0,0
1322738097336,0,null,0,Jo-Wilfried Tsonga,,,0.0,0,0,0,0
1322738097337,0,null,0,Roger Federer,,,0.0,0,0,0,0
1322738098337,0,null,0,Jo-Wilfried Tsonga,,,0.0,0,0,0,0
1322738098337,0,null,0,Roger Federer,,,0.0,0,0,0,0
1322738099337,0,null,0,Jo-Wilfried Tsonga,,,0.0,0,0,0,0
1322738099337,0,null,0,Roger Federer,,,0.0,0,0,0,0
1322738100337,0,null,0,Jo-Wilfried Tsonga,,,0.0,0,0,0,0
1322738100337,0,null,0,Roger Federer,,,0.0,0,0,0,0
1322738101338,0,null,0,Jo-Wilfried Tsonga,,,0.0,0,0,0,0
1322738101338,0,null,0,Roger Federer,,,0.0,0,0,0,0
1322738102338,0,null,0,Jo-Wilfried Tsonga,,,0.0,0,0,0,0
1322738102338,0,null,0,Roger Federer,,,0.0,0,0,0,0
1322738103338,0,null,0,Jo-Wilfried Tsonga,,,0.0,0,0,0,0
1322738103338,0,null,0,Roger Federer,,,0.0,0,0,0,0
1322738104339,0,null,0,Jo-Wilfried Tsonga,,,0.0,0,0,0,0
1322738104339,0,null,0,Roger Federer,,,0.0,0,0,0,0
1322738105339,0,null,0,Jo-Wilfried Tsonga,,,0.0,0,0,0,0
1322738105339,0,null,0,Roger Federer,,,0.0,0,0,0,0
1322738106339,0,null,0,Jo-Wilfried Tsonga,,,0.0,0,0,0,0
1322738106339,0,null,0,Roger Federer,,,0.0,0,0,0,0
1322738107340,0,null,0,Jo-Wilfried Tsonga,,,0.0,0,0,0,0
1322738107340,0,null,0,Roger Federer,,,0.0,0,0,0,0
1322738108340,0,null,0,Jo-Wilfried Tsonga,,,0.0,0,0,0,0
1322738108340,0,null,0,Roger Federer,,,0.0,0,0,0,0
1322738109340,0,null,0,Jo-Wilfried Tsonga,,,0.0,0,0,0,0
1322738109340,0,null,0,Roger Federer,,,0.0,0,0,0,0
1322738110340,0,null,0,Jo-Wilfried Tsonga,,,0.0,0,0,0,0
1322738110341,0,null,0,Roger Federer,,,0.0,0,0,0,0
1322738111341,0,null,0,Jo-Wilfried Tsonga,,,0.0,0,0,0,0
1322738111341,0,null,0,Roger Federer,,,0.0,0,0,0,0
1322738112341,0,null,0,Jo-Wilfried Tsonga,,,0.0,0,0,0,0
1322738112341,0,null,0,Roger Federer,,,0.0,0,0,0,0
1322738113341,0,null,0,Jo-Wilfried Tsonga,,,0.0,0,0,0,0
1322738113341,0,null,0,Roger Federer,,,0.0,0,0,0,0
1322738114342,0,null,0,Jo-Wilfried Tsonga,,,0.0,0,0,0,0
1322738114342,0,null,0,Roger Federer,,,0.0,0,0,0,0
1322738115342,0,null,0,Jo-Wilfried Tsonga,,,0.0,0,0,0,0
1322738115342,0,null,0,Roger Federer,,,0.0,0,0,0,0
1322738116342,0,null,0,Jo-Wilfried Tsonga,,,0.0,0,0,0,0
1322738116342,0,null,0,Roger Federer,,,0.0,0,0,0,0
1322738117343,0,null,0,Jo-Wilfried Tsonga,,,0.0,0,0,0,0
1322738117343,0,null,0,Roger Federer,,,0.0,0,0,0,0
1322738118343,0,null,0,Jo-Wilfried Tsonga,,,0.0,0,0,0,0
1322738118343,0,null,0,Roger Federer,,,0.0,0,0,0,0
1322738119343,0,null,0,Jo-Wilfried Tsonga,,,0.0,0,0,0,0
1322738119343,0,null,0,Roger Federer,,,0.0,0,0,0,0
1322738120344,0,null,0,Jo-Wilfried Tsonga,,,0.0,0,0,0,0
1322738120344,0,null,0,Roger Federer,,,0.0,0,0,0,0
1322738121344,0,null,0,Jo-Wilfried Tsonga,,,0.0,0,0,0,0
1322738121344,0,null,0,Roger Federer,,,0.0,0,0,0,0
1322738122344,0,null,0,Jo-Wilfried Tsonga,,,0.0,0,0,0,0
1322738122344,0,null,0,Roger Federer,,,0.0,0,0,0,0
1322738123345,0,null,0,Jo-Wilfried Tsonga,,,0.0,0,0,0,0
1322738123345,0,null,0,Roger Federer,,,0.0,0,0,0,0
1322738124345,0,null,0,Jo-Wilfried Tsonga,,,0.0,0,0,0,0
1322738124345,0,null,0,Roger Federer,,,0.0,0,0,0,0
1322738125345,0,null,0,Jo-Wilfried Tsonga,,,0.0,0,0,0,0
1322738125345,0,null,0,Roger Federer,,,0.0,0,0,0,0
1322738126346,0,null,0,Jo-Wilfried Tsonga,,,0.0,0,0,0,0
1322738126346,0,null,0,Roger Federer,,,0.0,0,0,0,0
1322738127346,0,null,0,Jo-Wilfried Tsonga,,,0.0,0,0,0,0
1322738127346,0,null,0,Roger Federer,,,0.0,0,0,0,0
1322738128346,0,null,0,Jo-Wilfried Tsonga,,,0.0,0,0,0,0
1322738128346,0,null,0,Roger Federer,,,0.0,0,0,0,0
1322738129346,0,null,0,Jo-Wilfried Tsonga,,,0.0,0,0,0,0
1322738129347,0,null,0,Roger Federer,,,0.0,0,0,0,0
1322738130347,0,null,0,Jo-Wilfried Tsonga,,,0.0,0,0,0,0
1322738130347,0,null,0,Roger Federer,,,0.0,0,0,0,0
1322738131347,0,null,0,Jo-Wilfried Tsonga,,,0.0,0,0,0,0
1322738131347,0,null,0,Roger Federer,,,0.0,0,0,0,0
1322738132347,0,null,0,Jo-Wilfried Tsonga,,,0.0,0,0,0,0
1322738132348,0,null,0,Roger Federer,,,0.0,0,0,0,0
1322738133348,0,null,0,Jo-Wilfried Tsonga,,,0.0,0,0,0,0
1322738133348,0,null,0,Roger Federer,,,0.0,0,0,0,0
1322738134348,0,null,0,Jo-Wilfried Tsonga,,,0.0,0,0,0,0
1322738134348,0,null,0,Roger Federer,,,0.0,0,0,0,0
1322738135348,0,null,0,Jo-Wilfried Tsonga,,,0.0,0,0,0,0
1322738135348,0,null,0,Roger Federer,,,0.0,0,0,0,0
1322738136349,0,null,0,Jo-Wilfried Tsonga,,,0.0,0,0,0,0
1322738136349,0,null,0,Roger Federer,,,0.0,0,0,0,0
1322738137349,0,null,0,Jo-Wilfried Tsonga,,,0.0,0,0,0,0
1322738137349,0,null,0,Roger Federer,,,0.0,0,0,0,0
1322738138349,0,null,0,Jo-Wilfried Tsonga,,,0.0,0,0,0,0
1322738138349,0,null,0,Roger Federer,,,0.0,0,0,0,0
1322738139350,0,null,0,Jo-Wilfried Tsonga,,,0.0,0,0,0,0
1322738139350,0,null,0,Roger Federer,,,0.0,0,0,0,0
1322738140350,0,null,0,Jo-Wilfried Tsonga,,,0.0,0,0,0,0
1322738140350,0,null,0,Roger Federer,,,0.0,0,0,0,0
1322738141350,0,null,0,Jo-Wilfried Tsonga,,,0.0,0,0,0,0
1322738141350,0,null,0,Roger Federer,,,0.0,0,0,0,0
1322738142351,0,null,0,Jo-Wilfried Tsonga,,,0.0,0,0,0,0
1322738142351,0,null,0,Roger Federer,,,0.0,0,0,0,0
1322738143351,0,null,0,Jo-Wilfried Tsonga,,,0.0,0,0,0,0
1322738143351,0,null,0,Roger Federer,,,0.0,0,0,0,0
1322738144351,0,null,0,Jo-Wilfried Tsonga,,,0.0,0,0,0,0
1322738144351,0,null,0,Roger Federer,,,0.0,0,0,0,0
1322738145352,0,null,0,Jo-Wilfried Tsonga,,,0.0,0,0,0,0
1322738052848,0,null,0,Roger Federer,,,0.0,0,0,0,0
1322738053848,0,null,0,Jo-Wilfried Tsonga,,,0.0,0,0,0,0
1322738053848,0,null,0,Roger Federer,,,0.0,0,0,0,0
1322738054848,0,null,0,Jo-Wilfried Tsonga,,,0.0,0,0,0,0
1322738054848,0,null,0,Roger Federer,,,0.0,0,0,0,0
1322738055849,0,null,0,Jo-Wilfried Tsonga,,,0.0,0,0,0,0
1322738055849,0,null,0,Roger Federer,,,0.0,0,0,0,0
1322738056849,0,null,0,Jo-Wilfried Tsonga,,,0.0,0,0,0,0
1322738056849,0,null,0,Roger Federer,,,0.0,0,0,0,0
1322738057850,0,null,0,Jo-Wilfried Tsonga,,,0.0,0,0,0,0
1322738057850,0,null,0,Roger Federer,,,0.0,0,0,0,0
1322738058850,0,null,0,Jo-Wilfried Tsonga,,,0.0,0,0,0,0
1322738058850,0,null,0,Roger Federer,,,0.0,0,0,0,0
1322738059850,0,null,0,Jo-Wilfried Tsonga,,,0.0,0,0,0,0
1322738059850,0,null,0,Roger Federer,,,0.0,0,0,0,0
1322738060851,0,null,0,Jo-Wilfried Tsonga,,,0.0,0,0,0,0
1322738060851,0,null,0,Roger Federer,,,0.0,0,0,0,0
1322738061851,0,null,0,Jo-Wilfried Tsonga,,,0.0,0,0,0,0
1322738061851,0,null,0,Roger Federer,,,0.0,0,0,0,0
1322738062852,0,null,0,Jo-Wilfried Tsonga,,,0.0,0,0,0,0
1322738062852,0,null,0,Roger Federer,,,0.0,0,0,0,0
1322738063852,0,null,0,Jo-Wilfried Tsonga,,,0.0,0,0,0,0
1322738063852,0,null,0,Roger Federer,,,0.0,0,0,0,0
1322738064852,0,null,0,Jo-Wilfried Tsonga,,,0.0,0,0,0,0
1322738064852,0,null,0,Roger Federer,,,0.0,0,0,0,0
1322738065853,0,null,0,Jo-Wilfried Tsonga,,,0.0,0,0,0,0
1322738065853,0,null,0,Roger Federer,,,0.0,0,0,0,0
1322738066853,0,null,0,Jo-Wilfried Tsonga,,,0.0,0,0,0,0
1322738066853,0,null,0,Roger Federer,,,0.0,0,0,0,0
1322738067853,0,null,0,Jo-Wilfried Tsonga,,,0.0,0,0,0,0
1322738067854,0,null,0,Roger Federer,,,0.0,0,0,0,0
1322738068854,0,null,0,Jo-Wilfried Tsonga,,,0.0,0,0,0,0
1322738068854,0,null,0,Roger Federer,,,0.0,0,0,0,0
1322738069854,0,null,0,Jo-Wilfried Tsonga,,,0.0,0,0,0,0
1322738069854,0,null,0,Roger Federer,,,0.0,0,0,0,0
1322738070855,0,null,0,Jo-Wilfried Tsonga,,,0.0,0,0,0,0
1322738070855,0,null,0,Roger Federer,,,0.0,0,0,0,0
1322738071855,0,null,0,Jo-Wilfried Tsonga,,,0.0,0,0,0,0
1322738071855,0,null,0,Roger Federer,,,0.0,0,0,0,0
1322738072855,0,null,0,Jo-Wilfried Tsonga,,,0.0,0,0,0,0
1322738072856,0,null,0,Roger Federer,,,0.0,0,0,0,0
1322738073856,0,null,0,Jo-Wilfried Tsonga,,,0.0,0,0,0,0
1322738073856,0,null,0,Roger Federer,,,0.0,0,0,0,0
1322738074856,0,null,0,Jo-Wilfried Tsonga,,,0.0,0,0,0,0
1322738074856,0,null,0,Roger Federer,,,0.0,0,0,0,0
1322738075857,0,null,0,Jo-Wilfried Tsonga,,,0.0,0,0,0,0
1322738075857,0,null,0,Roger Federer,,,0.0,0,0,0,0
1322738076857,0,null,0,Jo-Wilfried Tsonga,,,0.0,0,0,0,0
1322738076857,0,null,0,Roger Federer,,,0.0,0,0,0,0
1322738077857,0,null,0,Jo-Wilfried Tsonga,,,0.0,0,0,0,0
1322738077857,0,null,0,Roger Federer,,,0.0,0,0,0,0
1322738078858,0,null,0,Jo-Wilfried Tsonga,,,0.0,0,0,0,0
1322738078858,0,null,0,Roger Federer,,,0.0,0,0,0,0
1322738079858,0,null,0,Jo-Wilfried Tsonga,,,0.0,0,0,0,0
1322738079858,0,null,0,Roger Federer,,,0.0,0,0,0,0
1322738080858,0,null,0,Jo-Wilfried Tsonga,,,0.0,0,0,0,0
1322738080859,0,null,0,Roger Federer,,,0.0,0,0,0,0
1322738081859,0,null,0,Jo-Wilfried Tsonga,,,0.0,0,0,0,0
1322738081859,0,null,0,Roger Federer,,,0.0,0,0,0,0
1322738082859,0,null,0,Jo-Wilfried Tsonga,,,0.0,0,0,0,0
1322738082859,0,null,0,Roger Federer,,,0.0,0,0,0,0
1322738083860,0,null,0,Jo-Wilfried Tsonga,,,0.0,0,0,0,0
1322738083860,0,null,0,Roger Federer,,,0.0,0,0,0,0
1322738084860,0,null,0,Jo-Wilfried Tsonga,,,0.0,0,0,0,0
1322738084860,0,null,0,Roger Federer,,,0.0,0,0,0,0
1322738085860,0,null,0,Jo-Wilfried Tsonga,,,0.0,0,0,0,0
1322738085860,0,null,0,Roger Federer,,,0.0,0,0,0,0
1322738086861,0,null,0,Jo-Wilfried Tsonga,,,0.0,0,0,0,0
1322738086861,0,null,0,Roger Federer,,,0.0,0,0,0,0
1322738087861,0,null,0,Jo-Wilfried Tsonga,,,0.0,0,0,0,0
1322738087861,0,null,0,Roger Federer,,,0.0,0,0,0,0
1322738088861,0,null,0,Jo-Wilfried Tsonga,,,0.0,0,0,0,0
1322738088862,0,null,0,Roger Federer,,,0.0,0,0,0,0
1322738089862,0,null,0,Jo-Wilfried Tsonga,,,0.0,0,0,0,0
1322738089862,0,null,0,Roger Federer,,,0.0,0,0,0,0
1322738090862,0,null,0,Jo-Wilfried Tsonga,,,0.0,0,0,0,0
1322738090862,0,null,0,Roger Federer,,,0.0,0,0,0,0
1322738091863,0,null,0,Jo-Wilfried Tsonga,,,0.0,0,0,0,0
1322738091863,0,null,0,Roger Federer,,,0.0,0,0,0,0
1322738092863,0,null,0,Jo-Wilfried Tsonga,,,0.0,0,0,0,0
1322738092863,0,null,0,Roger Federer,,,0.0,0,0,0,0
1322738093864,0,null,0,Jo-Wilfried Tsonga,,,0.0,0,0,0,0
1322738093864,0,null,0,Roger Federer,,,0.0,0,0,0,0
1322738094864,0,null,0,Jo-Wilfried Tsonga,,,0.0,0,0,0,0
1322738094864,0,null,0,Roger Federer,,,0.0,0,0,0,0
1322738095864,0,null,0,Jo-Wilfried Tsonga,,,0.0,0,0,0,0
1322738095865,0,null,0,Roger Federer,,,0.0,0,0,0,0
1322738096865,0,null,0,Jo-Wilfried Tsonga,,,0.0,0,0,0,0
1322738096865,0,null,0,Roger Federer,,,0.0,0,0,0,0
1322738097865,0,null,0,Jo-Wilfried Tsonga,,,0.0,0,0,0,0
1322738097865,0,null,0,Roger Federer,,,0.0,0,0,0,0
1322738098866,0,null,0,Jo-Wilfried Tsonga,,,0.0,0,0,0,0
1322738098866,0,null,0,Roger Federer,,,0.0,0,0,0,0
1322738099866,0,null,0,Jo-Wilfried Tsonga,,,0.0,0,0,0,0
1322738099866,0,null,0,Roger Federer,,,0.0,0,0,0,0
1322738100866,0,null,0,Jo-Wilfried Tsonga,,,0.0,0,0,0,0
1322738100867,0,null,0,Roger Federer,,,0.0,0,0,0,0
1322738101867,0,null,0,Jo-Wilfried Tsonga,,,0.0,0,0,0,0
1322738101867,0,null,0,Roger Federer,,,0.0,0,0,0,0
1322738102867,0,null,0,Jo-Wilfried Tsonga,,,0.0,0,0,0,0
1322738102867,0,null,0,Roger Federer,,,0.0,0,0,0,0
1322738103868,0,null,0,Jo-Wilfried Tsonga,,,0.0,0,0,0,0
1322738103868,0,null,0,Roger Federer,,,0.0,0,0,0,0
1322738104868,0,null,0,Jo-Wilfried Tsonga,,,0.0,0,0,0,0
1322738104868,0,null,0,Roger Federer,,,0.0,0,0,0,0
1322738105868,0,null,0,Jo-Wilfried Tsonga,,,0.0,0,0,0,0
1322738105868,0,null,0,Roger Federer,,,0.0,0,0,0,0
1322738106869,0,null,0,Jo-Wilfried Tsonga,,,0.0,0,0,0,0
1322738106869,0,null,0,Roger Federer,,,0.0,0,0,0,0
1322738107869,0,null,0,Jo-Wilfried Tsonga,,,0.0,0,0,0,0
1322738107869,0,null,0,Roger Federer,,,0.0,0,0,0,0
1322738108869,0,null,0,Jo-Wilfried Tsonga,,,0.0,0,0,0,0
1322738108869,0,null,0,Roger Federer,,,0.0,0,0,0,0
1322738109870,0,null,0,Jo-Wilfried Tsonga,,,0.0,0,0,0,0
1322738109870,0,null,0,Roger Federer,,,0.0,0,0,0,0
1322738110870,0,null,0,Jo-Wilfried Tsonga,,,0.0,0,0,0,0
1322738110870,0,null,0,Roger Federer,,,0.0,0,0,0,0
1322738111871,0,null,0,Jo-Wilfried Tsonga,,,0.0,0,0,0,0
1322738111871,0,null,0,Roger Federer,,,0.0,0,0,0,0
1322738112871,0,null,0,Jo-Wilfried Tsonga,,,0.0,0,0,0,0
1322738112871,0,null,0,Roger Federer,,,0.0,0,0,0,0
1322738113871,0,null,0,Jo-Wilfried Tsonga,,,0.0,0,0,0,0
1322738113871,0,null,0,Roger Federer,,,0.0,0,0,0,0
1322738114872,0,null,0,Jo-Wilfried Tsonga,,,0.0,0,0,0,0
1322738114872,0,null,0,Roger Federer,,,0.0,0,0,0,0
1322738115872,0,null,0,Jo-Wilfried Tsonga,,,0.0,0,0,0,0
1322738115872,0,null,0,Roger Federer,,,0.0,0,0,0,0
1322738116872,0,null,0,Jo-Wilfried Tsonga,,,0.0,0,0,0,0
1322738116873,0,null,0,Roger Federer,,,0.0,0,0,0,0
1322738117873,0,null,0,Jo-Wilfried Tsonga,,,0.0,0,0,0,0
1322738117873,0,null,0,Roger Federer,,,0.0,0,0,0,0
1322738118873,0,null,0,Jo-Wilfried Tsonga,,,0.0,0,0,0,0
1322738118873,0,null,0,Roger Federer,,,0.0,0,0,0,0
1322738119874,0,null,0,Jo-Wilfried Tsonga,,,0.0,0,0,0,0
1322738119874,0,null,0,Roger Federer,,,0.0,0,0,0,0
1322738120874,0,null,0,Jo-Wilfried Tsonga,,,0.0,0,0,0,0
1322738120874,0,null,0,Roger Federer,,,0.0,0,0,0,0
1322738121874,0,null,0,Jo-Wilfried Tsonga,,,0.0,0,0,0,0
1322738121875,0,null,0,Roger Federer,,,0.0,0,0,0,0
1322738122875,0,null,0,Jo-Wilfried Tsonga,,,0.0,0,0,0,0
1322738122875,0,null,0,Roger Federer,,,0.0,0,0,0,0
1322738123875,0,null,0,Jo-Wilfried Tsonga,,,0.0,0,0,0,0
1322738123875,0,null,0,Roger Federer,,,0.0,0,0,0,0
1322738124876,0,null,0,Jo-Wilfried Tsonga,,,0.0,0,0,0,0
1322738124876,0,null,0,Roger Federer,,,0.0,0,0,0,0
1322738125876,0,null,0,Jo-Wilfried Tsonga,,,0.0,0,0,0,0
1322738125876,0,null,0,Roger Federer,,,0.0,0,0,0,0
1322738126876,0,null,0,Jo-Wilfried Tsonga,,,0.0,0,0,0,0
1322738126876,0,null,0,Roger Federer,,,0.0,0,0,0,0
1322738127877,0,null,0,Jo-Wilfried Tsonga,,,0.0,0,0,0,0
1322738127877,0,null,0,Roger Federer,,,0.0,0,0,0,0
1322738128877,0,null,0,Jo-Wilfried Tsonga,,,0.0,0,0,0,0
1322738128877,0,null,0,Roger Federer,,,0.0,0,0,0,0
1322737691712,0,null,0,Jo-Wilfried Tsonga,,,0.0,0,0,0,0
1322737691712,0,null,0,Roger Federer,,,0.0,0,0,0,0
1322737692713,0,null,0,Jo-Wilfried Tsonga,,,0.0,0,0,0,0
1322737692713,0,null,0,Roger Federer,,,0.0,0,0,0,0
1322737693713,0,null,0,Jo-Wilfried Tsonga,,,0.0,0,0,0,0
1322737693713,0,null,0,Roger Federer,,,0.0,0,0,0,0
1322737694713,0,null,0,Jo-Wilfried Tsonga,,,0.0,0,0,0,0
1322737694713,0,null,0,Roger Federer,,,0.0,0,0,0,0
1322737695714,0,null,0,Jo-Wilfried Tsonga,,,0.0,0,0,0,0
1322737695714,0,null,0,Roger Federer,,,0.0,0,0,0,0
1322737696714,0,null,0,Jo-Wilfried Tsonga,,,0.0,0,0,0,0
1322737696714,0,null,0,Roger Federer,,,0.0,0,0,0,0
1322737697714,0,null,0,Jo-Wilfried Tsonga,,,0.0,0,0,0,0
1322737697715,0,null,0,Roger Federer,,,0.0,0,0,0,0
1322737698715,0,null,0,Jo-Wilfried Tsonga,,,0.0,0,0,0,0
1322737698715,0,null,0,Roger Federer,,,0.0,0,0,0,0
1322737699715,0,null,0,Jo-Wilfried Tsonga,,,0.0,0,0,0,0
1322737699715,0,null,0,Roger Federer,,,0.0,0,0,0,0
1322737700716,0,null,0,Jo-Wilfried Tsonga,,,0.0,0,0,0,0
1322737700716,0,null,0,Roger Federer,,,0.0,0,0,0,0
1322737701716,0,null,0,Jo-Wilfried Tsonga,,,0.0,0,0,0,0
1322737701716,0,null,0,Roger Federer,,,0.0,0,0,0,0
1322737702716,0,null,0,Jo-Wilfried Tsonga,,,0.0,0,0,0,0
1322737702717,0,null,0,Roger Federer,,,0.0,0,0,0,0
1322737703717,0,null,0,Jo-Wilfried Tsonga,,,0.0,0,0,0,0
1322737703717,0,null,0,Roger Federer,,,0.0,0,0,0,0
1322737704717,0,null,0,Jo-Wilfried Tsonga,,,0.0,0,0,0,0
1322737704717,0,null,0,Roger Federer,,,0.0,0,0,0,0
1322737705718,0,null,0,Jo-Wilfried Tsonga,,,0.0,0,0,0,0
1322737705718,0,null,0,Roger Federer,,,0.0,0,0,0,0
1322737706718,0,null,0,Jo-Wilfried Tsonga,,,0.0,0,0,0,0
1322737706718,0,null,0,Roger Federer,,,0.0,0,0,0,0
1322737707718,0,null,0,Jo-Wilfried Tsonga,,,0.0,0,0,0,0
1322737707718,0,null,0,Roger Federer,,,0.0,0,0,0,0
1322737708719,0,null,0,Jo-Wilfried Tsonga,,,0.0,0,0,0,0
1322737708719,0,null,0,Roger Federer,,,0.0,0,0,0,0
1322737709719,0,null,0,Jo-Wilfried Tsonga,,,0.0,0,0,0,0
1322737709719,0,null,0,Roger Federer,,,0.0,0,0,0,0
1322737710720,0,null,0,Jo-Wilfried Tsonga,,,0.0,0,0,0,0
1322737710720,0,null,0,Roger Federer,,,0.0,0,0,0,0
1322737711720,0,null,0,Jo-Wilfried Tsonga,,,0.0,0,0,0,0
1322737711720,0,null,0,Roger Federer,,,0.0,0,0,0,0
1322737712720,0,null,0,Jo-Wilfried Tsonga,,,0.0,0,0,0,0
1322737712720,0,null,0,Roger Federer,,,0.0,0,0,0,0
1322737713721,0,null,0,Jo-Wilfried Tsonga,,,0.0,0,0,0,0
1322737713721,0,null,0,Roger Federer,,,0.0,0,0,0,0
1322737714721,0,null,0,Jo-Wilfried Tsonga,,,0.0,0,0,0,0
1322737714721,0,null,0,Roger Federer,,,0.0,0,0,0,0
1322737715722,0,null,0,Jo-Wilfried Tsonga,,,0.0,0,0,0,0
1322737715722,0,null,0,Roger Federer,,,0.0,0,0,0,0
1322737716722,0,null,0,Jo-Wilfried Tsonga,,,0.0,0,0,0,0
1322737716722,0,null,0,Roger Federer,,,0.0,0,0,0,0
1322737717722,0,null,0,Jo-Wilfried Tsonga,,,0.0,0,0,0,0
1322737717722,0,null,0,Roger Federer,,,0.0,0,0,0,0
1322737718723,0,null,0,Jo-Wilfried Tsonga,,,0.0,0,0,0,0
1322737718723,0,null,0,Roger Federer,,,0.0,0,0,0,0
1322737719723,0,null,0,Jo-Wilfried Tsonga,,,0.0,0,0,0,0
1322737719723,0,null,0,Roger Federer,,,0.0,0,0,0,0
1322737720723,0,null,0,Jo-Wilfried Tsonga,,,0.0,0,0,0,0
1322737720724,0,null,0,Roger Federer,,,0.0,0,0,0,0
1322737721724,0,null,0,Jo-Wilfried Tsonga,,,0.0,0,0,0,0
1322737721724,0,null,0,Roger Federer,,,0.0,0,0,0,0
1322737722724,0,null,0,Jo-Wilfried Tsonga,,,0.0,0,0,0,0
1322737722724,0,null,0,Roger Federer,,,0.0,0,0,0,0
1322737723725,0,null,0,Jo-Wilfried Tsonga,,,0.0,0,0,0,0
1322737723725,0,null,0,Roger Federer,,,0.0,0,0,0,0
1322737724725,0,null,0,Jo-Wilfried Tsonga,,,0.0,0,0,0,0
1322737724725,0,null,0,Roger Federer,,,0.0,0,0,0,0
1322737725725,0,null,0,Jo-Wilfried Tsonga,,,0.0,0,0,0,0
1322737725725,0,null,0,Roger Federer,,,0.0,0,0,0,0
1322737726726,0,null,0,Jo-Wilfried Tsonga,,,0.0,0,0,0,0
1322737726726,0,null,0,Roger Federer,,,0.0,0,0,0,0
1322737727728,0,null,0,Jo-Wilfried Tsonga,,,0.0,0,0,0,0
1322737727728,0,null,0,Roger Federer,,,0.0,0,0,0,0
1322737728729,0,null,0,Jo-Wilfried Tsonga,,,0.0,0,0,0,0
1322737728729,0,null,0,Roger Federer,,,0.0,0,0,0,0
1322737729729,0,null,0,Jo-Wilfried Tsonga,,,0.0,0,0,0,0
1322737729729,0,null,0,Roger Federer,,,0.0,0,0,0,0
1322737730729,0,null,0,Jo-Wilfried Tsonga,,,0.0,0,0,0,0
1322737730730,0,null,0,Roger Federer,,,0.0,0,0,0,0
1322737731730,0,null,0,Jo-Wilfried Tsonga,,,0.0,0,0,0,0
1322737731730,0,null,0,Roger Federer,,,0.0,0,0,0,0
1322737732730,0,null,0,Jo-Wilfried Tsonga,,,0.0,0,0,0,0
1322737732730,0,null,0,Roger Federer,,,0.0,0,0,0,0
1322737733731,0,null,0,Jo-Wilfried Tsonga,,,0.0,0,0,0,0
1322737733731,0,null,0,Roger Federer,,,0.0,0,0,0,0
1322737734731,0,null,0,Jo-Wilfried Tsonga,,,0.0,0,0,0,0
1322737734731,0,null,0,Roger Federer,,,0.0,0,0,0,0
1322737735731,0,null,0,Jo-Wilfried Tsonga,,,0.0,0,0,0,0
1322737735732,0,null,0,Roger Federer,,,0.0,0,0,0,0
1322737736732,0,null,0,Jo-Wilfried Tsonga,,,0.0,0,0,0,0
1322737736732,0,null,0,Roger Federer,,,0.0,0,0,0,0
1322737737732,0,null,0,Jo-Wilfried Tsonga,,,0.0,0,0,0,0
1322737737732,0,null,0,Roger Federer,,,0.0,0,0,0,0
1322737738733,0,null,0,Jo-Wilfried Tsonga,,,0.0,0,0,0,0
1322737738733,0,null,0,Roger Federer,,,0.0,0,0,0,0
1322737739733,0,null,0,Jo-Wilfried Tsonga,,,0.0,0,0,0,0
1322737739733,0,null,0,Roger Federer,,,0.0,0,0,0,0
1322737740734,0,null,0,Jo-Wilfried Tsonga,,,0.0,0,0,0,0
1322737740734,0,null,0,Roger Federer,,,0.0,0,0,0,0
1322737741734,0,null,0,Jo-Wilfried Tsonga,,,0.0,0,0,0,0
1322737741734,0,null,0,Roger Federer,,,0.0,0,0,0,0
1322737742734,0,null,0,Jo-Wilfried Tsonga,,,0.0,0,0,0,0
1322737742734,0,null,0,Roger Federer,,,0.0,0,0,0,0
1322737743735,0,null,0,Jo-Wilfried Tsonga,,,0.0,0,0,0,0
1322737743735,0,null,0,Roger Federer,,,0.0,0,0,0,0
1322737744735,0,null,0,Jo-Wilfried Tsonga,,,0.0,0,0,0,0
1322737744735,0,null,0,Roger Federer,,,0.0,0,0,0,0
1322737745735,0,null,0,Jo-Wilfried Tsonga,,,0.0,0,0,0,0
1322737745736,0,null,0,Roger Federer,,,0.0,0,0,0,0
1322737746736,0,null,0,Jo-Wilfried Tsonga,,,0.0,0,0,0,0
1322737746736,0,null,0,Roger Federer,,,0.0,0,0,0,0
1322737747736,0,null,0,Jo-Wilfried Tsonga,,,0.0,0,0,0,0
1322737747736,0,null,0,Roger Federer,,,0.0,0,0,0,0
1322737748737,0,null,0,Jo-Wilfried Tsonga,,,0.0,0,0,0,0
1322737748737,0,null,0,Roger Federer,,,0.0,0,0,0,0
1322737749737,0,null,0,Jo-Wilfried Tsonga,,,0.0,0,0,0,0
1322737749737,0,null,0,Roger Federer,,,0.0,0,0,0,0
1322737750737,0,null,0,Jo-Wilfried Tsonga,,,0.0,0,0,0,0
1322737750737,0,null,0,Roger Federer,,,0.0,0,0,0,0
1322737751738,0,null,0,Jo-Wilfried Tsonga,,,0.0,0,0,0,0
1322737751738,0,null,0,Roger Federer,,,0.0,0,0,0,0
1322737752738,0,null,0,Jo-Wilfried Tsonga,,,0.0,0,0,0,0
1322737752738,0,null,0,Roger Federer,,,0.0,0,0,0,0
1322737753738,0,null,0,Jo-Wilfried Tsonga,,,0.0,0,0,0,0
1322737753738,0,null,0,Roger Federer,,,0.0,0,0,0,0
1322737754739,0,null,0,Jo-Wilfried Tsonga,,,0.0,0,0,0,0
1322737754739,0,null,0,Roger Federer,,,0.0,0,0,0,0
1322737755739,0,null,0,Jo-Wilfried Tsonga,,,0.0,0,0,0,0
1322737755739,0,null,0,Roger Federer,,,0.0,0,0,0,0
1322737756740,0,null,0,Jo-Wilfried Tsonga,,,0.0,0,0,0,0
1322737756740,0,null,0,Roger Federer,,,0.0,0,0,0,0
1322737757740,0,null,0,Jo-Wilfried Tsonga,,,0.0,0,0,0,0
1322737757740,0,null,0,Roger Federer,,,0.0,0,0,0,0
1322737758740,0,null,0,Jo-Wilfried Tsonga,,,0.0,0,0,0,0
1322737758740,0,null,0,Roger Federer,,,0.0,0,0,0,0
1322737759741,0,null,0,Jo-Wilfried Tsonga,,,0.0,0,0,0,0
1322737759741,0,null,0,Roger Federer,,,0.0,0,0,0,0
1322737760741,0,null,0,Jo-Wilfried Tsonga,,,0.0,0,0,0,0
1322737760741,0,null,0,Roger Federer,,,0.0,0,0,0,0
1322737761741,0,null,0,Jo-Wilfried Tsonga,,,0.0,0,0,0,0
1322737761741,0,null,0,Roger Federer,,,0.0,0,0,0,0
1322737762742,0,null,0,Jo-Wilfried Tsonga,,,0.0,0,0,0,0
1322737762742,0,null,0,Roger Federer,,,0.0,0,0,0,0
1322737763742,0,null,0,Jo-Wilfried Tsonga,,,0.0,0,0,0,0
1322737763742,0,null,0,Roger Federer,,,0.0,0,0,0,0
1322737764742,0,null,0,Jo-Wilfried Tsonga,,,0.0,0,0,0,0
1322737764743,0,null,0,Roger Federer,,,0.0,0,0,0,0
1322737765743,0,null,0,Jo-Wilfried Tsonga,,,0.0,0,0,0,0
1322737765743,0,null,0,Roger Federer,,,0.0,0,0,0,0
1322737766743,0,null,0,Jo-Wilfried Tsonga,,,0.0,0,0,0,0
1322737766743,0,null,0,Roger Federer,,,0.0,0,0,0,0
1322737767743,0,null,0,Jo-Wilfried Tsonga,,,0.0,0,0,0,0
1322737767744,0,null,0,Roger Federer,,,0.0,0,0,0,0
1322737768744,0,null,0,Jo-Wilfried Tsonga,,,0.0,0,0,0,0
1322737768744,0,null,0,Roger Federer,,,0.0,0,0,0,0
1322737769744,0,null,0,Jo-Wilfried Tsonga,,,0.0,0,0,0,0
1322737769744,0,null,0,Roger Federer,,,0.0,0,0,0,0
1322737770745,0,null,0,Jo-Wilfried Tsonga,,,0.0,0,0,0,0
1322737770745,0,null,0,Roger Federer,,,0.0,0,0,0,0
1322737771745,0,null,0,Jo-Wilfried Tsonga,,,0.0,0,0,0,0
1322737771745,0,null,0,Roger Federer,,,0.0,0,0,0,0
1322737772745,0,null,0,Jo-Wilfried Tsonga,,,0.0,0,0,0,0
1322737772745,0,null,0,Roger Federer,,,0.0,0,0,0,0
1322737773746,0,null,0,Jo-Wilfried Tsonga,,,0.0,0,0,0,0
1322737773746,0,null,0,Roger Federer,,,0.0,0,0,0,0
1322737774746,0,null,0,Jo-Wilfried Tsonga,,,0.0,0,0,0,0
1322737774746,0,null,0,Roger Federer,,,0.0,0,0,0,0
1322737775746,0,null,0,Jo-Wilfried Tsonga,,,0.0,0,0,0,0
1322737775746,0,null,0,Roger Federer,,,0.0,0,0,0,0
1322737776747,0,null,0,Jo-Wilfried Tsonga,,,0.0,0,0,0,0
1322737776747,0,null,0,Roger Federer,,,0.0,0,0,0,0
1322737777747,0,null,0,Jo-Wilfried Tsonga,,,0.0,0,0,0,0
1322737777747,0,null,0,Roger Federer,,,0.0,0,0,0,0
1322737778747,0,null,0,Jo-Wilfried Tsonga,,,0.0,0,0,0,0
1322737778747,0,null,0,Roger Federer,,,0.0,0,0,0,0
1322737779748,0,null,0,Jo-Wilfried Tsonga,,,0.0,0,0,0,0
1322737779748,0,null,0,Roger Federer,,,0.0,0,0,0,0
1322737780748,0,null,0,Jo-Wilfried Tsonga,,,0.0,0,0,0,0
1322737780748,0,null,0,Roger Federer,,,0.0,0,0,0,0
1322737781748,0,null,0,Jo-Wilfried Tsonga,,,0.0,0,0,0,0
1322737781748,0,null,0,Roger Federer,,,0.0,0,0,0,0
1322737782748,0,null,0,Jo-Wilfried Tsonga,,,0.0,0,0,0,0
1322737782748,0,null,0,Roger Federer,,,0.0,0,0,0,0
1322737783749,0,null,0,Jo-Wilfried Tsonga,,,0.0,0,0,0,0
1322737783749,0,null,0,Roger Federer,,,0.0,0,0,0,0
1322737784749,0,null,0,Jo-Wilfried Tsonga,,,0.0,0,0,0,0
1322737784749,0,null,0,Roger Federer,,,0.0,0,0,0,0
1322737785749,0,null,0,Jo-Wilfried Tsonga,,,0.0,0,0,0,0
1322737785749,0,null,0,Roger Federer,,,0.0,0,0,0,0
1322737786750,0,null,0,Jo-Wilfried Tsonga,,,0.0,0,0,0,0
1322737786750,0,null,0,Roger Federer,,,0.0,0,0,0,0
1322737787750,0,null,0,Jo-Wilfried Tsonga,,,0.0,0,0,0,0
1322737787750,0,null,0,Roger Federer,,,0.0,0,0,0,0
1322737788750,0,null,0,Jo-Wilfried Tsonga,,,0.0,0,0,0,0
1322737788750,0,null,0,Roger Federer,,,0.0,0,0,0,0
1322737789751,0,null,0,Jo-Wilfried Tsonga,,,0.0,0,0,0,0
1322737789751,0,null,0,Roger Federer,,,0.0,0,0,0,0
1322737790751,0,null,0,Jo-Wilfried Tsonga,,,0.0,0,0,0,0
1322737790751,0,null,0,Roger Federer,,,0.0,0,0,0,0
1322737791752,0,null,0,Jo-Wilfried Tsonga,,,0.0,0,0,0,0
1322737791752,0,null,0,Roger Federer,,,0.0,0,0,0,0
1322737792752,0,null,0,Jo-Wilfried Tsonga,,,0.0,0,0,0,0
1322737792752,0,null,0,Roger Federer,,,0.0,0,0,0,0
1322737793752,0,null,0,Jo-Wilfried Tsonga,,,0.0,0,0,0,0
1322737793752,0,null,0,Roger Federer,,,0.0,0,0,0,0
1322737794753,0,null,0,Jo-Wilfried Tsonga,,,0.0,0,0,0,0
1322737794753,0,null,0,Roger Federer,,,0.0,0,0,0,0
1322737795753,0,null,0,Jo-Wilfried Tsonga,,,0.0,0,0,0,0
1322737795753,0,null,0,Roger Federer,,,0.0,0,0,0,0
1322737796753,0,null,0,Jo-Wilfried Tsonga,,,0.0,0,0,0,0
1322737796753,0,null,0,Roger Federer,,,0.0,0,0,0,0
1322737797754,0,null,0,Jo-Wilfried Tsonga,,,0.0,0,0,0,0
1322737797754,0,null,0,Roger Federer,,,0.0,0,0,0,0
1322737798754,0,null,0,Jo-Wilfried Tsonga,,,0.0,0,0,0,0
1322737798754,0,null,0,Roger Federer,,,0.0,0,0,0,0
1322737799755,0,null,0,Jo-Wilfried Tsonga,,,0.0,0,0,0,0
1322737799755,0,null,0,Roger Federer,,,0.0,0,0,0,0
1322737800755,0,null,0,Jo-Wilfried Tsonga,,,0.0,0,0,0,0
1322737800755,0,null,0,Roger Federer,,,0.0,0,0,0,0
1322737801755,0,null,0,Jo-Wilfried Tsonga,,,0.0,0,0,0,0
1322737801755,0,null,0,Roger Federer,,,0.0,0,0,0,0
1322737802756,0,null,0,Jo-Wilfried Tsonga,,,0.0,0,0,0,0
1322737802756,0,null,0,Roger Federer,,,0.0,0,0,0,0
1322737803756,0,null,0,Jo-Wilfried Tsonga,,,0.0,0,0,0,0
1322737803756,0,null,0,Roger Federer,,,0.0,0,0,0,0
1322737804756,0,null,0,Jo-Wilfried Tsonga,,,0.0,0,0,0,0
1322737804757,0,null,0,Roger Federer,,,0.0,0,0,0,0
1322737805757,0,null,0,Jo-Wilfried Tsonga,,,0.0,0,0,0,0
1322737805757,0,null,0,Roger Federer,,,0.0,0,0,0,0
1322737806757,0,null,0,Jo-Wilfried Tsonga,,,0.0,0,0,0,0
1322737806757,0,null,0,Roger Federer,,,0.0,0,0,0,0
1322737807758,0,null,0,Jo-Wilfried Tsonga,,,0.0,0,0,0,0
1322737807758,0,null,0,Roger Federer,,,0.0,0,0,0,0
1322737808758,0,null,0,Jo-Wilfried Tsonga,,,0.0,0,0,0,0
1322737808758,0,null,0,Roger Federer,,,0.0,0,0,0,0
1322737809758,0,null,0,Jo-Wilfried Tsonga,,,0.0,0,0,0,0
1322737809758,0,null,0,Roger Federer,,,0.0,0,0,0,0
1322737810759,0,null,0,Jo-Wilfried Tsonga,,,0.0,0,0,0,0
1322737810759,0,null,0,Roger Federer,,,0.0,0,0,0,0
1322737811759,0,null,0,Jo-Wilfried Tsonga,,,0.0,0,0,0,0
1322737811759,0,null,0,Roger Federer,,,0.0,0,0,0,0
1322737812759,0,null,0,Jo-Wilfried Tsonga,,,0.0,0,0,0,0
1322737812760,0,null,0,Roger Federer,,,0.0,0,0,0,0
1322737813760,0,null,0,Jo-Wilfried Tsonga,,,0.0,0,0,0,0
1322737813760,0,null,0,Roger Federer,,,0.0,0,0,0,0
1322737814760,0,null,0,Jo-Wilfried Tsonga,,,0.0,0,0,0,0
1322737814760,0,null,0,Roger Federer,,,0.0,0,0,0,0
1322737815761,0,null,0,Jo-Wilfried Tsonga,,,0.0,0,0,0,0
1322737815761,0,null,0,Roger Federer,,,0.0,0,0,0,0
1322737816761,0,null,0,Jo-Wilfried Tsonga,,,0.0,0,0,0,0
1322737816761,0,null,0,Roger Federer,,,0.0,0,0,0,0
1322737817761,0,null,0,Jo-Wilfried Tsonga,,,0.0,0,0,0,0
1322737817761,0,null,0,Roger Federer,,,0.0,0,0,0,0
1322737818761,0,null,0,Jo-Wilfried Tsonga,,,0.0,0,0,0,0
1322737818762,0,null,0,Roger Federer,,,0.0,0,0,0,0
1322737819762,0,null,0,Jo-Wilfried Tsonga,,,0.0,0,0,0,0
1322737819762,0,null,0,Roger Federer,,,0.0,0,0,0,0
1322737820762,0,null,0,Jo-Wilfried Tsonga,,,0.0,0,0,0,0
1322737820762,0,null,0,Roger Federer,,,0.0,0,0,0,0
1322737821763,0,null,0,Jo-Wilfried Tsonga,,,0.0,0,0,0,0
1322737821763,0,null,0,Roger Federer,,,0.0,0,0,0,0
1322737822763,0,null,0,Jo-Wilfried Tsonga,,,0.0,0,0,0,0
1322737822763,0,null,0,Roger Federer,,,0.0,0,0,0,0
1322737823763,0,null,0,Jo-Wilfried Tsonga,,,0.0,0,0,0,0
1322737823763,0,null,0,Roger Federer,,,0.0,0,0,0,0
1322737824763,0,null,0,Jo-Wilfried Tsonga,,,0.0,0,0,0,0
1322737824764,0,null,0,Roger Federer,,,0.0,0,0,0,0
1322737825764,0,null,0,Jo-Wilfried Tsonga,,,0.0,0,0,0,0
1322737825764,0,null,0,Roger Federer,,,0.0,0,0,0,0
1322737826764,0,null,0,Jo-Wilfried Tsonga,,,0.0,0,0,0,0
1322737826764,0,null,0,Roger Federer,,,0.0,0,0,0,0
1322737827765,0,null,0,Jo-Wilfried Tsonga,,,0.0,0,0,0,0
1322737827765,0,null,0,Roger Federer,,,0.0,0,0,0,0
1322737828765,0,null,0,Jo-Wilfried Tsonga,,,0.0,0,0,0,0
1322737828765,0,null,0,Roger Federer,,,0.0,0,0,0,0
1322737829765,0,null,0,Jo-Wilfried Tsonga,,,0.0,0,0,0,0
1322737829765,0,null,0,Roger Federer,,,0.0,0,0,0,0
1322737830766,0,null,0,Jo-Wilfried Tsonga,,,0.0,0,0,0,0
1322737830766,0,null,0,Roger Federer,,,0.0,0,0,0,0
1322737831766,0,null,0,Jo-Wilfried Tsonga,,,0.0,0,0,0,0
1322737831766,0,null,0,Roger Federer,,,0.0,0,0,0,0
1322737832766,0,null,0,Jo-Wilfried Tsonga,,,0.0,0,0,0,0
1322737832766,0,null,0,Roger Federer,,,0.0,0,0,0,0
1322737833767,0,null,0,Jo-Wilfried Tsonga,,,0.0,0,0,0,0
1322737833767,0,null,0,Roger Federer,,,0.0,0,0,0,0
1322737834767,0,null,0,Jo-Wilfried Tsonga,,,0.0,0,0,0,0
1322737834767,0,null,0,Roger Federer,,,0.0,0,0,0,0
1322737835767,0,null,0,Jo-Wilfried Tsonga,,,0.0,0,0,0,0
1322737835768,0,null,0,Roger Federer,,,0.0,0,0,0,0
1322737836768,0,null,0,Jo-Wilfried Tsonga,,,0.0,0,0,0,0
1322737836768,0,null,0,Roger Federer,,,0.0,0,0,0,0
1322737837768,0,null,0,Jo-Wilfried Tsonga,,,0.0,0,0,0,0
1322737837768,0,null,0,Roger Federer,,,0.0,0,0,0,0
1322737838769,0,null,0,Jo-Wilfried Tsonga,,,0.0,0,0,0,0
1322737838769,0,null,0,Roger Federer,,,0.0,0,0,0,0
1322737839769,0,null,0,Jo-Wilfried Tsonga,,,0.0,0,0,0,0
1322737839769,0,null,0,Roger Federer,,,0.0,0,0,0,0
1322737840769,0,null,0,Jo-Wilfried Tsonga,,,0.0,0,0,0,0
1322737840769,0,null,0,Roger Federer,,,0.0,0,0,0,0
1322737841770,0,null,0,Jo-Wilfried Tsonga,,,0.0,0,0,0,0
1322737841770,0,null,0,Roger Federer,,,0.0,0,0,0,0
1322737842770,0,null,0,Jo-Wilfried Tsonga,,,0.0,0,0,0,0
1322737842770,0,null,0,Roger Federer,,,0.0,0,0,0,0
1322737843770,0,null,0,Jo-Wilfried Tsonga,,,0.0,0,0,0,0
1322737843771,0,null,0,Roger Federer,,,0.0,0,0,0,0
1322737844771,0,null,0,Jo-Wilfried Tsonga,,,0.0,0,0,0,0
1322737844771,0,null,0,Roger Federer,,,0.0,0,0,0,0
1322737845771,0,null,0,Jo-Wilfried Tsonga,,,0.0,0,0,0,0
1322737845771,0,null,0,Roger Federer,,,0.0,0,0,0,0
1322737846772,0,null,0,Jo-Wilfried Tsonga,,,0.0,0,0,0,0
1322737846772,0,null,0,Roger Federer,,,0.0,0,0,0,0
1322737847772,0,null,0,Jo-Wilfried Tsonga,,,0.0,0,0,0,0
1322737847772,0,null,0,Roger Federer,,,0.0,0,0,0,0
1322737848772,0,null,0,Jo-Wilfried Tsonga,,,0.0,0,0,0,0
1322737848773,0,null,0,Roger Federer,,,0.0,0,0,0,0
1322737849773,0,null,0,Jo-Wilfried Tsonga,,,0.0,0,0,0,0
1322737849773,0,null,0,Roger Federer,,,0.0,0,0,0,0
1322737850773,0,null,0,Jo-Wilfried Tsonga,,,0.0,0,0,0,0
1322737850773,0,null,0,Roger Federer,,,0.0,0,0,0,0
1322737851774,0,null,0,Jo-Wilfried Tsonga,,,0.0,0,0,0,0
1322737851774,0,null,0,Roger Federer,,,0.0,0,0,0,0
1322737852774,0,null,0,Jo-Wilfried Tsonga,,,0.0,0,0,0,0
1322737852774,0,null,0,Roger Federer,,,0.0,0,0,0,0
1322737853774,0,null,0,Jo-Wilfried Tsonga,,,0.0,0,0,0,0
1322737853774,0,null,0,Roger Federer,,,0.0,0,0,0,0
1322737854775,0,null,0,Jo-Wilfried Tsonga,,,0.0,0,0,0,0
1322737854775,0,null,0,Roger Federer,,,0.0,0,0,0,0
1322737855775,0,null,0,Jo-Wilfried Tsonga,,,0.0,0,0,0,0
1322737855775,0,null,0,Roger Federer,,,0.0,0,0,0,0
1322737856775,0,null,0,Jo-Wilfried Tsonga,,,0.0,0,0,0,0
1322737856775,0,null,0,Roger Federer,,,0.0,0,0,0,0
1322737857776,0,null,0,Jo-Wilfried Tsonga,,,0.0,0,0,0,0
1322737857776,0,null,0,Roger Federer,,,0.0,0,0,0,0
1322737858776,0,null,0,Jo-Wilfried Tsonga,,,0.0,0,0,0,0
1322737858776,0,null,0,Roger Federer,,,0.0,0,0,0,0
1322737859776,0,null,0,Jo-Wilfried Tsonga,,,0.0,0,0,0,0
1322737859777,0,null,0,Roger Federer,,,0.0,0,0,0,0
1322737860777,0,null,0,Jo-Wilfried Tsonga,,,0.0,0,0,0,0
1322737860777,0,null,0,Roger Federer,,,0.0,0,0,0,0
1322737861777,0,null,0,Jo-Wilfried Tsonga,,,0.0,0,0,0,0
1322737861777,0,null,0,Roger Federer,,,0.0,0,0,0,0
1322737862778,0,null,0,Jo-Wilfried Tsonga,,,0.0,0,0,0,0
1322737862778,0,null,0,Roger Federer,,,0.0,0,0,0,0
1322737863778,0,null,0,Jo-Wilfried Tsonga,,,0.0,0,0,0,0
1322737863778,0,null,0,Roger Federer,,,0.0,0,0,0,0
1322737864778,0,null,0,Jo-Wilfried Tsonga,,,0.0,0,0,0,0
1322737864778,0,null,0,Roger Federer,,,0.0,0,0,0,0
1322737865779,0,null,0,Jo-Wilfried Tsonga,,,0.0,0,0,0,0
1322737865779,0,null,0,Roger Federer,,,0.0,0,0,0,0
1322737866779,0,null,0,Jo-Wilfried Tsonga,,,0.0,0,0,0,0
1322737866779,0,null,0,Roger Federer,,,0.0,0,0,0,0
1322737867780,0,null,0,Jo-Wilfried Tsonga,,,0.0,0,0,0,0
1322737867780,0,null,0,Roger Federer,,,0.0,0,0,0,0
1322737868780,0,null,0,Jo-Wilfried Tsonga,,,0.0,0,0,0,0
1322737868780,0,null,0,Roger Federer,,,0.0,0,0,0,0
1322737869780,0,null,0,Jo-Wilfried Tsonga,,,0.0,0,0,0,0
1322737869780,0,null,0,Roger Federer,,,0.0,0,0,0,0
1322737870781,0,null,0,Jo-Wilfried Tsonga,,,0.0,0,0,0,0
1322737870781,0,null,0,Roger Federer,,,0.0,0,0,0,0
1322737871781,0,null,0,Jo-Wilfried Tsonga,,,0.0,0,0,0,0
1322737871781,0,null,0,Roger Federer,,,0.0,0,0,0,0
1322737872781,0,null,0,Jo-Wilfried Tsonga,,,0.0,0,0,0,0
1322737872782,0,null,0,Roger Federer,,,0.0,0,0,0,0
1322737873782,0,null,0,Jo-Wilfried Tsonga,,,0.0,0,0,0,0
1322737873782,0,null,0,Roger Federer,,,0.0,0,0,0,0
1322737874782,0,null,0,Jo-Wilfried Tsonga,,,0.0,0,0,0,0
1322737874782,0,null,0,Roger Federer,,,0.0,0,0,0,0
1322737875782,0,null,0,Jo-Wilfried Tsonga,,,0.0,0,0,0,0
1322737875783,0,null,0,Roger Federer,,,0.0,0,0,0,0
1322737876783,0,null,0,Jo-Wilfried Tsonga,,,0.0,0,0,0,0
1322737876783,0,null,0,Roger Federer,,,0.0,0,0,0,0
1322737877783,0,null,0,Jo-Wilfried Tsonga,,,0.0,0,0,0,0
1322737877783,0,null,0,Roger Federer,,,0.0,0,0,0,0
1322737878784,0,null,0,Jo-Wilfried Tsonga,,,0.0,0,0,0,0
1322737878784,0,null,0,Roger Federer,,,0.0,0,0,0,0
1322737879784,0,null,0,Jo-Wilfried Tsonga,,,0.0,0,0,0,0
1322737879784,0,null,0,Roger Federer,,,0.0,0,0,0,0
1322737880784,0,null,0,Jo-Wilfried Tsonga,,,0.0,0,0,0,0
1322737880785,0,null,0,Roger Federer,,,0.0,0,0,0,0
1322737881785,0,null,0,Jo-Wilfried Tsonga,,,0.0,0,0,0,0
1322737881785,0,null,0,Roger Federer,,,0.0,0,0,0,0
1322737882785,0,null,0,Jo-Wilfried Tsonga,,,0.0,0,0,0,0
1322737882785,0,null,0,Roger Federer,,,0.0,0,0,0,0
1322737883786,0,null,0,Jo-Wilfried Tsonga,,,0.0,0,0,0,0
1322737883786,0,null,0,Roger Federer,,,0.0,0,0,0,0
1322737884786,0,null,0,Jo-Wilfried Tsonga,,,0.0,0,0,0,0
1322737884786,0,null,0,Roger Federer,,,0.0,0,0,0,0
1322737885786,0,null,0,Jo-Wilfried Tsonga,,,0.0,0,0,0,0
1322737885787,0,null,0,Roger Federer,,,0.0,0,0,0,0
1322737886787,0,null,0,Jo-Wilfried Tsonga,,,0.0,0,0,0,0
1322737886787,0,null,0,Roger Federer,,,0.0,0,0,0,0
1322737887787,0,null,0,Jo-Wilfried Tsonga,,,0.0,0,0,0,0
1322737887787,0,null,0,Roger Federer,,,0.0,0,0,0,0
1322737888788,0,null,0,Jo-Wilfried Tsonga,,,0.0,0,0,0,0
1322737888788,0,null,0,Roger Federer,,,0.0,0,0,0,0
1322737889788,0,null,0,Jo-Wilfried Tsonga,,,0.0,0,0,0,0
1322737889788,0,null,0,Roger Federer,,,0.0,0,0,0,0
1322737890788,0,null,0,Jo-Wilfried Tsonga,,,0.0,0,0,0,0
1322737890789,0,null,0,Roger Federer,,,0.0,0,0,0,0
1322737891789,0,null,0,Jo-Wilfried Tsonga,,,0.0,0,0,0,0
1322737891789,0,null,0,Roger Federer,,,0.0,0,0,0,0
1322737892789,0,null,0,Jo-Wilfried Tsonga,,,0.0,0,0,0,0
1322737892789,0,null,0,Roger Federer,,,0.0,0,0,0,0
1322737893790,0,null,0,Jo-Wilfried Tsonga,,,0.0,0,0,0,0
1322737893790,0,null,0,Roger Federer,,,0.0,0,0,0,0
1322737894790,0,null,0,Jo-Wilfried Tsonga,,,0.0,0,0,0,0
1322737894790,0,null,0,Roger Federer,,,0.0,0,0,0,0
1322737895790,0,null,0,Jo-Wilfried Tsonga,,,0.0,0,0,0,0
1322737895790,0,null,0,Roger Federer,,,0.0,0,0,0,0
1322737896791,0,null,0,Jo-Wilfried Tsonga,,,0.0,0,0,0,0
1322737896791,0,null,0,Roger Federer,,,0.0,0,0,0,0
1322737897791,0,null,0,Jo-Wilfried Tsonga,,,0.0,0,0,0,0
1322737897791,0,null,0,Roger Federer,,,0.0,0,0,0,0
1322737898791,0,null,0,Jo-Wilfried Tsonga,,,0.0,0,0,0,0
1322737898792,0,null,0,Roger Federer,,,0.0,0,0,0,0
1322737899792,0,null,0,Jo-Wilfried Tsonga,,,0.0,0,0,0,0
1322737899792,0,null,0,Roger Federer,,,0.0,0,0,0,0
1322737900792,0,null,0,Jo-Wilfried Tsonga,,,0.0,0,0,0,0
1322737900792,0,null,0,Roger Federer,,,0.0,0,0,0,0
1322737901793,0,null,0,Jo-Wilfried Tsonga,,,0.0,0,0,0,0
1322737901793,0,null,0,Roger Federer,,,0.0,0,0,0,0
1322737902793,0,null,0,Jo-Wilfried Tsonga,,,0.0,0,0,0,0
1322737902793,0,null,0,Roger Federer,,,0.0,0,0,0,0
1322737903793,0,null,0,Jo-Wilfried Tsonga,,,0.0,0,0,0,0
1322737903793,0,null,0,Roger Federer,,,0.0,0,0,0,0
1322737904794,0,null,0,Jo-Wilfried Tsonga,,,0.0,0,0,0,0
1322737904794,0,null,0,Roger Federer,,,0.0,0,0,0,0
1322737905794,0,null,0,Jo-Wilfried Tsonga,,,0.0,0,0,0,0
1322737905794,0,null,0,Roger Federer,,,0.0,0,0,0,0
1322737906794,0,null,0,Jo-Wilfried Tsonga,,,0.0,0,0,0,0
1322737906795,0,null,0,Roger Federer,,,0.0,0,0,0,0
1322737907795,0,null,0,Jo-Wilfried Tsonga,,,0.0,0,0,0,0
1322737907795,0,null,0,Roger Federer,,,0.0,0,0,0,0
1322737908795,0,null,0,Jo-Wilfried Tsonga,,,0.0,0,0,0,0
1322737908795,0,null,0,Roger Federer,,,0.0,0,0,0,0
1322737909796,0,null,0,Jo-Wilfried Tsonga,,,0.0,0,0,0,0
1322737909796,0,null,0,Roger Federer,,,0.0,0,0,0,0
1322737910796,0,null,0,Jo-Wilfried Tsonga,,,0.0,0,0,0,0
1322737910796,0,null,0,Roger Federer,,,0.0,0,0,0,0
1322737911796,0,null,0,Jo-Wilfried Tsonga,,,0.0,0,0,0,0
1322737911797,0,null,0,Roger Federer,,,0.0,0,0,0,0
1322737912797,0,null,0,Jo-Wilfried Tsonga,,,0.0,0,0,0,0
1322737912797,0,null,0,Roger Federer,,,0.0,0,0,0,0
1322737913797,0,null,0,Jo-Wilfried Tsonga,,,0.0,0,0,0,0
1322737913797,0,null,0,Roger Federer,,,0.0,0,0,0,0
1322737914798,0,null,0,Jo-Wilfried Tsonga,,,0.0,0,0,0,0
1322737914798,0,null,0,Roger Federer,,,0.0,0,0,0,0
1322737915798,0,null,0,Jo-Wilfried Tsonga,,,0.0,0,0,0,0
1322737915798,0,null,0,Roger Federer,,,0.0,0,0,0,0
1322737916798,0,null,0,Jo-Wilfried Tsonga,,,0.0,0,0,0,0
1322737916798,0,null,0,Roger Federer,,,0.0,0,0,0,0
1322737917799,0,null,0,Jo-Wilfried Tsonga,,,0.0,0,0,0,0
1322737917799,0,null,0,Roger Federer,,,0.0,0,0,0,0
1322737918799,0,null,0,Jo-Wilfried Tsonga,,,0.0,0,0,0,0
1322737918799,0,null,0,Roger Federer,,,0.0,0,0,0,0
1322737919799,0,null,0,Jo-Wilfried Tsonga,,,0.0,0,0,0,0
1322737919799,0,null,0,Roger Federer,,,0.0,0,0,0,0
1322737920800,0,null,0,Jo-Wilfried Tsonga,,,0.0,0,0,0,0
1322737920800,0,null,0,Roger Federer,,,0.0,0,0,0,0
1322737921800,0,null,0,Jo-Wilfried Tsonga,,,0.0,0,0,0,0
1322737921800,0,null,0,Roger Federer,,,0.0,0,0,0,0
1322737922800,0,null,0,Jo-Wilfried Tsonga,,,0.0,0,0,0,0
1322737922800,0,null,0,Roger Federer,,,0.0,0,0,0,0
1322737923800,0,null,0,Jo-Wilfried Tsonga,,,0.0,0,0,0,0
1322737923801,0,null,0,Roger Federer,,,0.0,0,0,0,0
1322737924801,0,null,0,Jo-Wilfried Tsonga,,,0.0,0,0,0,0
1322737924801,0,null,0,Roger Federer,,,0.0,0,0,0,0
1322737925801,0,null,0,Jo-Wilfried Tsonga,,,0.0,0,0,0,0
1322737925801,0,null,0,Roger Federer,,,0.0,0,0,0,0
1322737926801,0,null,0,Jo-Wilfried Tsonga,,,0.0,0,0,0,0
1322737926801,0,null,0,Roger Federer,,,0.0,0,0,0,0
1322737927802,0,null,0,Jo-Wilfried Tsonga,,,0.0,0,0,0,0
1322737927802,0,null,0,Roger Federer,,,0.0,0,0,0,0
1322737928802,0,null,0,Jo-Wilfried Tsonga,,,0.0,0,0,0,0
1322737928802,0,null,0,Roger Federer,,,0.0,0,0,0,0
1322737929802,0,null,0,Jo-Wilfried Tsonga,,,0.0,0,0,0,0
1322737929802,0,null,0,Roger Federer,,,0.0,0,0,0,0
1322737930802,0,null,0,Jo-Wilfried Tsonga,,,0.0,0,0,0,0
1322737930803,0,null,0,Roger Federer,,,0.0,0,0,0,0
1322737931803,0,null,0,Jo-Wilfried Tsonga,,,0.0,0,0,0,0
1322737931803,0,null,0,Roger Federer,,,0.0,0,0,0,0
1322737932803,0,null,0,Jo-Wilfried Tsonga,,,0.0,0,0,0,0
1322737932803,0,null,0,Roger Federer,,,0.0,0,0,0,0
1322737933803,0,null,0,Jo-Wilfried Tsonga,,,0.0,0,0,0,0
1322737933803,0,null,0,Roger Federer,,,0.0,0,0,0,0
1322737934804,0,null,0,Jo-Wilfried Tsonga,,,0.0,0,0,0,0
1322737934804,0,null,0,Roger Federer,,,0.0,0,0,0,0
1322737935804,0,null,0,Jo-Wilfried Tsonga,,,0.0,0,0,0,0
1322737935804,0,null,0,Roger Federer,,,0.0,0,0,0,0
1322737936804,0,null,0,Jo-Wilfried Tsonga,,,0.0,0,0,0,0
1322737936804,0,null,0,Roger Federer,,,0.0,0,0,0,0
1322737937805,0,null,0,Jo-Wilfried Tsonga,,,0.0,0,0,0,0
1322737937805,0,null,0,Roger Federer,,,0.0,0,0,0,0
1322737938805,0,null,0,Jo-Wilfried Tsonga,,,0.0,0,0,0,0
1322737938805,0,null,0,Roger Federer,,,0.0,0,0,0,0
1322737939805,0,null,0,Jo-Wilfried Tsonga,,,0.0,0,0,0,0
1322737939805,0,null,0,Roger Federer,,,0.0,0,0,0,0
1322737940805,0,null,0,Jo-Wilfried Tsonga,,,0.0,0,0,0,0
1322737940806,0,null,0,Roger Federer,,,0.0,0,0,0,0
1322737941806,0,null,0,Jo-Wilfried Tsonga,,,0.0,0,0,0,0
1322737941806,0,null,0,Roger Federer,,,0.0,0,0,0,0
1322737942806,0,null,0,Jo-Wilfried Tsonga,,,0.0,0,0,0,0
1322737942806,0,null,0,Roger Federer,,,0.0,0,0,0,0
1322737943806,0,null,0,Jo-Wilfried Tsonga,,,0.0,0,0,0,0
1322737943806,0,null,0,Roger Federer,,,0.0,0,0,0,0
1322737944807,0,null,0,Jo-Wilfried Tsonga,,,0.0,0,0,0,0
1322737944807,0,null,0,Roger Federer,,,0.0,0,0,0,0
1322737945807,0,null,0,Jo-Wilfried Tsonga,,,0.0,0,0,0,0
1322737945807,0,null,0,Roger Federer,,,0.0,0,0,0,0
1322737946807,0,null,0,Jo-Wilfried Tsonga,,,0.0,0,0,0,0
1322737946807,0,null,0,Roger Federer,,,0.0,0,0,0,0
1322737947808,0,null,0,Jo-Wilfried Tsonga,,,0.0,0,0,0,0
1322737947808,0,null,0,Roger Federer,,,0.0,0,0,0,0
1322737948808,0,null,0,Jo-Wilfried Tsonga,,,0.0,0,0,0,0
1322737948808,0,null,0,Roger Federer,,,0.0,0,0,0,0
1322737949808,0,null,0,Jo-Wilfried Tsonga,,,0.0,0,0,0,0
1322737949808,0,null,0,Roger Federer,,,0.0,0,0,0,0
1322737950808,0,null,0,Jo-Wilfried Tsonga,,,0.0,0,0,0,0
1322737950808,0,null,0,Roger Federer,,,0.0,0,0,0,0
1322737951809,0,null,0,Jo-Wilfried Tsonga,,,0.0,0,0,0,0
1322737951809,0,null,0,Roger Federer,,,0.0,0,0,0,0
1322737952809,0,null,0,Jo-Wilfried Tsonga,,,0.0,0,0,0,0
1322737952809,0,null,0,Roger Federer,,,0.0,0,0,0,0
1322737953809,0,null,0,Jo-Wilfried Tsonga,,,0.0,0,0,0,0
1322737953809,0,null,0,Roger Federer,,,0.0,0,0,0,0
1322737954810,0,null,0,Jo-Wilfried Tsonga,,,0.0,0,0,0,0
1322737954810,0,null,0,Roger Federer,,,0.0,0,0,0,0
1322737955810,0,null,0,Jo-Wilfried Tsonga,,,0.0,0,0,0,0
1322737955810,0,null,0,Roger Federer,,,0.0,0,0,0,0
1322737956810,0,null,0,Jo-Wilfried Tsonga,,,0.0,0,0,0,0
1322737956810,0,null,0,Roger Federer,,,0.0,0,0,0,0
1322737957810,0,null,0,Jo-Wilfried Tsonga,,,0.0,0,0,0,0
1322737957810,0,null,0,Roger Federer,,,0.0,0,0,0,0
1322737958811,0,null,0,Jo-Wilfried Tsonga,,,0.0,0,0,0,0
1322737958811,0,null,0,Roger Federer,,,0.0,0,0,0,0
1322737959811,0,null,0,Jo-Wilfried Tsonga,,,0.0,0,0,0,0
1322737959811,0,null,0,Roger Federer,,,0.0,0,0,0,0
1322737960812,0,null,0,Jo-Wilfried Tsonga,,,0.0,0,0,0,0
1322737960812,0,null,0,Roger Federer,,,0.0,0,0,0,0
1322737961812,0,null,0,Jo-Wilfried Tsonga,,,0.0,0,0,0,0
1322737961812,0,null,0,Roger Federer,,,0.0,0,0,0,0
1322737962812,0,null,0,Jo-Wilfried Tsonga,,,0.0,0,0,0,0
1322737962813,0,null,0,Roger Federer,,,0.0,0,0,0,0
1322737963813,0,null,0,Jo-Wilfried Tsonga,,,0.0,0,0,0,0
1322737963813,0,null,0,Roger Federer,,,0.0,0,0,0,0
1322737964813,0,null,0,Jo-Wilfried Tsonga,,,0.0,0,0,0,0
1322737964813,0,null,0,Roger Federer,,,0.0,0,0,0,0
1322737965813,0,null,0,Jo-Wilfried Tsonga,,,0.0,0,0,0,0
1322737965813,0,null,0,Roger Federer,,,0.0,0,0,0,0
1322737966814,0,null,0,Jo-Wilfried Tsonga,,,0.0,0,0,0,0
1322737966814,0,null,0,Roger Federer,,,0.0,0,0,0,0
1322737967814,0,null,0,Jo-Wilfried Tsonga,,,0.0,0,0,0,0
1322737967814,0,null,0,Roger Federer,,,0.0,0,0,0,0
1322737968814,0,null,0,Jo-Wilfried Tsonga,,,0.0,0,0,0,0
1322737968814,0,null,0,Roger Federer,,,0.0,0,0,0,0
1322737969815,0,null,0,Jo-Wilfried Tsonga,,,0.0,0,0,0,0
1322737969815,0,null,0,Roger Federer,,,0.0,0,0,0,0
1322737970815,0,null,0,Jo-Wilfried Tsonga,,,0.0,0,0,0,0
1322737970815,0,null,0,Roger Federer,,,0.0,0,0,0,0
1322737971815,0,null,0,Jo-Wilfried Tsonga,,,0.0,0,0,0,0
1322737971815,0,null,0,Roger Federer,,,0.0,0,0,0,0
1322737972815,0,null,0,Jo-Wilfried Tsonga,,,0.0,0,0,0,0
1322737972815,0,null,0,Roger Federer,,,0.0,0,0,0,0
1322737973816,0,null,0,Jo-Wilfried Tsonga,,,0.0,0,0,0,0
1322737973816,0,null,0,Roger Federer,,,0.0,0,0,0,0
1322737974816,0,null,0,Jo-Wilfried Tsonga,,,0.0,0,0,0,0
1322737974816,0,null,0,Roger Federer,,,0.0,0,0,0,0
1322737975816,0,null,0,Jo-Wilfried Tsonga,,,0.0,0,0,0,0
1322737975816,0,null,0,Roger Federer,,,0.0,0,0,0,0
1322737976817,0,null,0,Jo-Wilfried Tsonga,,,0.0,0,0,0,0
1322737976817,0,null,0,Roger Federer,,,0.0,0,0,0,0
1322737977817,0,null,0,Jo-Wilfried Tsonga,,,0.0,0,0,0,0
1322737977817,0,null,0,Roger Federer,,,0.0,0,0,0,0
1322737978817,0,null,0,Jo-Wilfried Tsonga,,,0.0,0,0,0,0
1322737978817,0,null,0,Roger Federer,,,0.0,0,0,0,0
1322737979817,0,null,0,Jo-Wilfried Tsonga,,,0.0,0,0,0,0
1322737979818,0,null,0,Roger Federer,,,0.0,0,0,0,0
1322737980818,0,null,0,Jo-Wilfried Tsonga,,,0.0,0,0,0,0
1322737980818,0,null,0,Roger Federer,,,0.0,0,0,0,0
1322737981818,0,null,0,Jo-Wilfried Tsonga,,,0.0,0,0,0,0
1322737981818,0,null,0,Roger Federer,,,0.0,0,0,0,0
1322737982819,0,null,0,Jo-Wilfried Tsonga,,,0.0,0,0,0,0
1322737982819,0,null,0,Roger Federer,,,0.0,0,0,0,0
1322737983819,0,null,0,Jo-Wilfried Tsonga,,,0.0,0,0,0,0
1322737983819,0,null,0,Roger Federer,,,0.0,0,0,0,0
1322737984819,0,null,0,Jo-Wilfried Tsonga,,,0.0,0,0,0,0
1322737984820,0,null,0,Roger Federer,,,0.0,0,0,0,0
1322737985820,0,null,0,Jo-Wilfried Tsonga,,,0.0,0,0,0,0
1322737985820,0,null,0,Roger Federer,,,0.0,0,0,0,0
1322737986820,0,null,0,Jo-Wilfried Tsonga,,,0.0,0,0,0,0
1322737986820,0,null,0,Roger Federer,,,0.0,0,0,0,0
1322737987820,0,null,0,Jo-Wilfried Tsonga,,,0.0,0,0,0,0
1322737987821,0,null,0,Roger Federer,,,0.0,0,0,0,0
1322737988821,0,null,0,Jo-Wilfried Tsonga,,,0.0,0,0,0,0
1322737988821,0,null,0,Roger Federer,,,0.0,0,0,0,0
1322737989821,0,null,0,Jo-Wilfried Tsonga,,,0.0,0,0,0,0
1322737989821,0,null,0,Roger Federer,,,0.0,0,0,0,0
1322737990822,0,null,0,Jo-Wilfried Tsonga,,,0.0,0,0,0,0
1322737990822,0,null,0,Roger Federer,,,0.0,0,0,0,0
1322737991822,0,null,0,Jo-Wilfried Tsonga,,,0.0,0,0,0,0
1322737991822,0,null,0,Roger Federer,,,0.0,0,0,0,0
1322737992822,0,null,0,Jo-Wilfried Tsonga,,,0.0,0,0,0,0
1322737992822,0,null,0,Roger Federer,,,0.0,0,0,0,0
1322737993823,0,null,0,Jo-Wilfried Tsonga,,,0.0,0,0,0,0
1322737993823,0,null,0,Roger Federer,,,0.0,0,0,0,0
1322737994823,0,null,0,Jo-Wilfried Tsonga,,,0.0,0,0,0,0
1322737994823,0,null,0,Roger Federer,,,0.0,0,0,0,0
1322737995823,0,null,0,Jo-Wilfried Tsonga,,,0.0,0,0,0,0
1322737995824,0,null,0,Roger Federer,,,0.0,0,0,0,0
1322737996824,0,null,0,Jo-Wilfried Tsonga,,,0.0,0,0,0,0
1322737996824,0,null,0,Roger Federer,,,0.0,0,0,0,0
1322737997824,0,null,0,Jo-Wilfried Tsonga,,,0.0,0,0,0,0
1322737997825,0,null,0,Roger Federer,,,0.0,0,0,0,0
1322737998825,0,null,0,Jo-Wilfried Tsonga,,,0.0,0,0,0,0
1322737998825,0,null,0,Roger Federer,,,0.0,0,0,0,0
1322737999825,0,null,0,Jo-Wilfried Tsonga,,,0.0,0,0,0,0
1322737999825,0,null,0,Roger Federer,,,0.0,0,0,0,0
1322738000825,0,null,0,Jo-Wilfried Tsonga,,,0.0,0,0,0,0
1322738000826,0,null,0,Roger Federer,,,0.0,0,0,0,0
1322738001826,0,null,0,Jo-Wilfried Tsonga,,,0.0,0,0,0,0
1322738001826,0,null,0,Roger Federer,,,0.0,0,0,0,0
1322738002826,0,null,0,Jo-Wilfried Tsonga,,,0.0,0,0,0,0
1322738002827,0,null,0,Roger Federer,,,0.0,0,0,0,0
1322738003827,0,null,0,Jo-Wilfried Tsonga,,,0.0,0,0,0,0
1322738003827,0,null,0,Roger Federer,,,0.0,0,0,0,0
1322738004827,0,null,0,Jo-Wilfried Tsonga,,,0.0,0,0,0,0
1322738004827,0,null,0,Roger Federer,,,0.0,0,0,0,0
1322738005828,0,null,0,Jo-Wilfried Tsonga,,,0.0,0,0,0,0
1322738005828,0,null,0,Roger Federer,,,0.0,0,0,0,0
1322738006828,0,null,0,Jo-Wilfried Tsonga,,,0.0,0,0,0,0
1322738006828,0,null,0,Roger Federer,,,0.0,0,0,0,0
1322738007828,0,null,0,Jo-Wilfried Tsonga,,,0.0,0,0,0,0
1322738007828,0,null,0,Roger Federer,,,0.0,0,0,0,0
1322738008829,0,null,0,Jo-Wilfried Tsonga,,,0.0,0,0,0,0
1322738008829,0,null,0,Roger Federer,,,0.0,0,0,0,0
1322738009829,0,null,0,Jo-Wilfried Tsonga,,,0.0,0,0,0,0
1322738009829,0,null,0,Roger Federer,,,0.0,0,0,0,0
1322738010829,0,null,0,Jo-Wilfried Tsonga,,,0.0,0,0,0,0
1322738010829,0,null,0,Roger Federer,,,0.0,0,0,0,0
1322738011831,0,null,0,Jo-Wilfried Tsonga,,,0.0,0,0,0,0
1322738011831,0,null,0,Roger Federer,,,0.0,0,0,0,0
1322738012831,0,null,0,Jo-Wilfried Tsonga,,,0.0,0,0,0,0
1322738012831,0,null,0,Roger Federer,,,0.0,0,0,0,0
