Timestamp,Inplay delay,Market status,Selection ID,Selection name,BP1,BV1,BP2,BV2,BP3,BV3,LP1,LV1,LP2,LV2,LP3,LV3,Total matched,LPM, Set1, Set2, Set3, Points 
1322738085791,0,ACTIVE,2690877,Henri Leconte,1.2,16.02, 1.19,3.75, 1.1,8.57,6.2,12.8,0.0,0,0,0,0
1322738085792,0,ACTIVE,2690880,John McEnroe,1.2,18.91, 1.19,3.75, 1.1,8.57,6.2,13.95,0.0,0,0,0,0
1322738086792,0,ACTIVE,2690877,Henri Leconte,1.2,16.02, 1.19,3.75, 1.1,8.57,6.2,12.8,0.0,0,0,0,0
1322738086792,0,ACTIVE,2690880,John McEnroe,1.2,18.91, 1.19,3.75, 1.1,8.57,6.2,13.95,0.0,0,0,0,0
1322738087792,0,ACTIVE,2690877,Henri Leconte,1.2,16.02, 1.19,3.75, 1.1,8.57,6.2,12.8,0.0,0,0,0,0
1322738087793,0,ACTIVE,2690880,John McEnroe,1.2,18.91, 1.19,3.75, 1.1,8.57,6.2,13.95,0.0,0,0,0,0
1322738088793,0,ACTIVE,2690877,Henri Leconte,1.2,16.02, 1.19,3.75, 1.1,8.57,6.2,12.8,0.0,0,0,0,0
1322738088793,0,ACTIVE,2690880,John McEnroe,1.2,18.91, 1.19,3.75, 1.1,8.57,6.2,13.95,0.0,0,0,0,0
1322738089793,0,ACTIVE,2690877,Henri Leconte,1.2,16.02, 1.19,3.75, 1.1,8.57,6.2,12.8,0.0,0,0,0,0
1322738089794,0,ACTIVE,2690880,John McEnroe,1.2,18.91, 1.19,3.75, 1.1,8.57,6.2,13.95,0.0,0,0,0,0
1322738090794,0,ACTIVE,2690877,Henri Leconte,1.2,16.02, 1.19,3.75, 1.1,8.57,6.2,12.8,0.0,0,0,0,0
1322738090794,0,ACTIVE,2690880,John McEnroe,1.2,18.91, 1.19,3.75, 1.1,8.57,6.2,13.95,0.0,0,0,0,0
1322738091795,0,ACTIVE,2690877,Henri Leconte,1.2,16.02, 1.19,3.75, 1.1,8.57,6.2,12.8,0.0,0,0,0,0
1322738091795,0,ACTIVE,2690880,John McEnroe,1.2,18.91, 1.19,3.75, 1.1,8.57,6.2,13.95,0.0,0,0,0,0
1322738092795,0,ACTIVE,2690877,Henri Leconte,1.2,16.02, 1.19,3.75, 1.1,8.57,6.2,12.8,0.0,0,0,0,0
1322738092795,0,ACTIVE,2690880,John McEnroe,1.2,18.91, 1.19,3.75, 1.1,8.57,6.2,13.95,0.0,0,0,0,0
1322738093796,0,ACTIVE,2690877,Henri Leconte,1.2,16.02, 1.19,3.75, 1.1,8.57,6.2,12.8,0.0,0,0,0,0
1322738093796,0,ACTIVE,2690880,John McEnroe,1.2,18.91, 1.19,3.75, 1.1,8.57,6.2,13.95,0.0,0,0,0,0
1322738094796,0,ACTIVE,2690877,Henri Leconte,1.2,16.02, 1.19,3.75, 1.1,8.57,6.2,12.8,0.0,0,0,0,0
1322738094796,0,ACTIVE,2690880,John McEnroe,1.2,18.91, 1.19,3.75, 1.1,8.57,6.2,13.95,0.0,0,0,0,0
1322738095797,0,ACTIVE,2690877,Henri Leconte,1.2,16.02, 1.19,3.75, 1.1,8.57,6.2,12.8,0.0,0,0,0,0
1322738095797,0,ACTIVE,2690880,John McEnroe,1.2,18.91, 1.19,3.75, 1.1,8.57,6.2,13.95,0.0,0,0,0,0
1322738096797,0,ACTIVE,2690877,Henri Leconte,1.2,16.02, 1.19,3.75, 1.1,8.57,6.2,12.8,0.0,0,0,0,0
1322738096797,0,ACTIVE,2690880,John McEnroe,1.2,18.91, 1.19,3.75, 1.1,8.57,6.2,13.95,0.0,0,0,0,0
1322738097798,0,ACTIVE,2690877,Henri Leconte,1.2,16.02, 1.19,3.75, 1.1,8.57,6.2,12.8,0.0,0,0,0,0
1322738097798,0,ACTIVE,2690880,John McEnroe,1.2,18.91, 1.19,3.75, 1.1,8.57,6.2,13.95,0.0,0,0,0,0
1322738098798,0,ACTIVE,2690877,Henri Leconte,1.2,16.02, 1.19,3.75, 1.1,8.57,6.2,12.8,0.0,0,0,0,0
1322738098798,0,ACTIVE,2690880,John McEnroe,1.2,18.91, 1.19,3.75, 1.1,8.57,6.2,13.95,0.0,0,0,0,0
1322738099798,0,ACTIVE,2690877,Henri Leconte,1.2,16.02, 1.19,3.75, 1.1,8.57,6.2,12.8,0.0,0,0,0,0
1322738099798,0,ACTIVE,2690880,John McEnroe,1.2,18.91, 1.19,3.75, 1.1,8.57,6.2,13.95,0.0,0,0,0,0
1322738100799,0,ACTIVE,2690877,Henri Leconte,1.2,16.02, 1.19,3.75, 1.1,8.57,6.2,12.8,0.0,0,0,0,0
1322738100799,0,ACTIVE,2690880,John McEnroe,1.2,18.91, 1.19,3.75, 1.1,8.57,6.2,13.95,0.0,0,0,0,0
1322738101799,0,ACTIVE,2690877,Henri Leconte,1.2,16.02, 1.19,3.75, 1.1,8.57,6.2,12.8,0.0,0,0,0,0
1322738101799,0,ACTIVE,2690880,John McEnroe,1.2,18.91, 1.19,3.75, 1.1,8.57,6.2,13.95,0.0,0,0,0,0
1322738102800,0,ACTIVE,2690877,Henri Leconte,1.2,16.02, 1.19,3.75, 1.1,8.57,6.2,12.8,0.0,0,0,0,0
1322738102800,0,ACTIVE,2690880,John McEnroe,1.2,18.91, 1.19,3.75, 1.1,8.57,6.2,13.95,0.0,0,0,0,0
1322738103800,0,ACTIVE,2690877,Henri Leconte,1.2,16.02, 1.19,3.75, 1.1,8.57,6.2,12.8,0.0,0,0,0,0
1322738103800,0,ACTIVE,2690880,John McEnroe,1.2,18.91, 1.19,3.75, 1.1,8.57,6.2,13.95,0.0,0,0,0,0
1322738104801,0,ACTIVE,2690877,Henri Leconte,1.2,16.02, 1.19,3.75, 1.1,8.57,6.2,12.8,0.0,0,0,0,0
1322738104801,0,ACTIVE,2690880,John McEnroe,1.2,18.91, 1.19,3.75, 1.1,8.57,6.2,13.95,0.0,0,0,0,0
1322738105801,0,ACTIVE,2690877,Henri Leconte,1.2,16.02, 1.19,3.75, 1.1,8.57,6.2,12.8,0.0,0,0,0,0
1322738105801,0,ACTIVE,2690880,John McEnroe,1.2,18.91, 1.19,3.75, 1.1,8.57,6.2,13.95,0.0,0,0,0,0
1322738106802,0,ACTIVE,2690877,Henri Leconte,1.2,16.02, 1.19,3.75, 1.1,8.57,6.2,12.8,0.0,0,0,0,0
1322738106802,0,ACTIVE,2690880,John McEnroe,1.2,18.91, 1.19,3.75, 1.1,8.57,6.2,13.95,0.0,0,0,0,0
1322738107802,0,ACTIVE,2690877,Henri Leconte,1.2,16.02, 1.19,3.75, 1.1,8.57,6.2,12.8,0.0,0,0,0,0
1322738107802,0,ACTIVE,2690880,John McEnroe,1.2,18.91, 1.19,3.75, 1.1,8.57,6.2,13.95,0.0,0,0,0,0
1322738108803,0,ACTIVE,2690877,Henri Leconte,1.2,16.02, 1.19,3.75, 1.1,8.57,6.2,12.8,0.0,0,0,0,0
1322738108803,0,ACTIVE,2690880,John McEnroe,1.2,18.91, 1.19,3.75, 1.1,8.57,6.2,13.95,0.0,0,0,0,0
1322738109803,0,ACTIVE,2690877,Henri Leconte,1.2,16.02, 1.19,3.75, 1.1,8.57,6.2,12.8,0.0,0,0,0,0
1322738109803,0,ACTIVE,2690880,John McEnroe,1.2,18.91, 1.19,3.75, 1.1,8.57,6.2,13.95,0.0,0,0,0,0
1322738110804,0,ACTIVE,2690877,Henri Leconte,1.2,16.02, 1.19,3.75, 1.1,8.57,6.2,12.8,0.0,0,0,0,0
1322738110804,0,ACTIVE,2690880,John McEnroe,1.2,18.91, 1.19,3.75, 1.1,8.57,6.2,13.95,0.0,0,0,0,0
1322738111804,0,ACTIVE,2690877,Henri Leconte,1.2,16.02, 1.19,3.75, 1.1,8.57,6.2,12.8,0.0,0,0,0,0
1322738111804,0,ACTIVE,2690880,John McEnroe,1.2,18.91, 1.19,3.75, 1.1,8.57,6.2,13.95,0.0,0,0,0,0
1322738112805,0,ACTIVE,2690877,Henri Leconte,1.2,16.02, 1.19,3.75, 1.1,8.57,6.2,12.8,0.0,0,0,0,0
1322738112805,0,ACTIVE,2690880,John McEnroe,1.2,18.91, 1.19,3.75, 1.1,8.57,6.2,13.95,0.0,0,0,0,0
1322738113805,0,ACTIVE,2690877,Henri Leconte,1.2,16.02, 1.19,3.75, 1.1,8.57,6.2,12.8,0.0,0,0,0,0
1322738113805,0,ACTIVE,2690880,John McEnroe,1.2,18.91, 1.19,3.75, 1.1,8.57,6.2,13.95,0.0,0,0,0,0
1322738114806,0,ACTIVE,2690877,Henri Leconte,1.2,16.02, 1.19,3.75, 1.1,8.57,6.2,12.8,0.0,0,0,0,0
1322738114806,0,ACTIVE,2690880,John McEnroe,1.2,18.91, 1.19,3.75, 1.1,8.57,6.2,13.95,0.0,0,0,0,0
1322738115806,0,ACTIVE,2690877,Henri Leconte,1.2,16.02, 1.19,3.75, 1.1,8.57,6.2,12.8,0.0,0,0,0,0
1322738115806,0,ACTIVE,2690880,John McEnroe,1.2,18.91, 1.19,3.75, 1.1,8.57,6.2,13.95,0.0,0,0,0,0
1322738116807,0,ACTIVE,2690877,Henri Leconte,1.2,16.02, 1.19,3.75, 1.1,8.57,6.2,12.8,0.0,0,0,0,0
1322738116807,0,ACTIVE,2690880,John McEnroe,1.2,18.91, 1.19,3.75, 1.1,8.57,6.2,13.95,0.0,0,0,0,0
1322738117807,0,ACTIVE,2690877,Henri Leconte,1.2,16.02, 1.19,3.75, 1.1,8.57,6.2,12.8,0.0,0,0,0,0
1322738117807,0,ACTIVE,2690880,John McEnroe,1.2,18.91, 1.19,3.75, 1.1,8.57,6.2,13.95,0.0,0,0,0,0
1322738118808,0,ACTIVE,2690877,Henri Leconte,1.2,16.02, 1.19,3.75, 1.1,8.57,6.2,12.8,0.0,0,0,0,0
1322738118808,0,ACTIVE,2690880,John McEnroe,1.2,18.91, 1.19,3.75, 1.1,8.57,6.2,13.95,0.0,0,0,0,0
1322738119808,0,ACTIVE,2690877,Henri Leconte,1.2,16.02, 1.19,3.75, 1.1,8.57,6.2,12.8,0.0,0,0,0,0
1322738119808,0,ACTIVE,2690880,John McEnroe,1.2,18.91, 1.19,3.75, 1.1,8.57,6.2,13.95,0.0,0,0,0,0
1322738120809,0,ACTIVE,2690877,Henri Leconte,1.2,16.02, 1.19,3.75, 1.1,8.57,6.2,12.8,0.0,0,0,0,0
1322738120809,0,ACTIVE,2690880,John McEnroe,1.2,18.91, 1.19,3.75, 1.1,8.57,6.2,13.95,0.0,0,0,0,0
1322738121809,0,ACTIVE,2690877,Henri Leconte,1.2,16.02, 1.19,3.75, 1.1,8.57,6.2,12.8,0.0,0,0,0,0
1322738121809,0,ACTIVE,2690880,John McEnroe,1.2,18.91, 1.19,3.75, 1.1,8.57,6.2,13.95,0.0,0,0,0,0
1322738122810,0,ACTIVE,2690877,Henri Leconte,1.2,16.02, 1.19,3.75, 1.1,8.57,6.2,12.8,0.0,0,0,0,0
1322738122810,0,ACTIVE,2690880,John McEnroe,1.2,18.91, 1.19,3.75, 1.1,8.57,6.2,13.95,0.0,0,0,0,0
1322738123810,0,ACTIVE,2690877,Henri Leconte,1.2,16.02, 1.19,3.75, 1.1,8.57,6.2,12.8,0.0,0,0,0,0
1322738123810,0,ACTIVE,2690880,John McEnroe,1.2,18.91, 1.19,3.75, 1.1,8.57,6.2,13.95,0.0,0,0,0,0
1322738124811,0,ACTIVE,2690877,Henri Leconte,1.2,16.02, 1.19,3.75, 1.1,8.57,6.2,12.8,0.0,0,0,0,0
1322738124811,0,ACTIVE,2690880,John McEnroe,1.2,18.91, 1.19,3.75, 1.1,8.57,6.2,13.95,0.0,0,0,0,0
1322738125811,0,ACTIVE,2690877,Henri Leconte,1.2,16.02, 1.19,3.75, 1.1,8.57,6.2,12.8,0.0,0,0,0,0
1322738125811,0,ACTIVE,2690880,John McEnroe,1.2,18.91, 1.19,3.75, 1.1,8.57,6.2,13.95,0.0,0,0,0,0
1322738126812,0,ACTIVE,2690877,Henri Leconte,1.2,16.02, 1.19,3.75, 1.1,8.57,6.2,12.8,0.0,0,0,0,0
1322738126812,0,ACTIVE,2690880,John McEnroe,1.2,18.91, 1.19,3.75, 1.1,8.57,6.2,13.95,0.0,0,0,0,0
1322738127812,0,ACTIVE,2690877,Henri Leconte,1.2,16.02, 1.19,3.75, 1.1,8.57,6.2,12.8,0.0,0,0,0,0
1322738127812,0,ACTIVE,2690880,John McEnroe,1.2,18.91, 1.19,3.75, 1.1,8.57,6.2,13.95,0.0,0,0,0,0
1322738128813,0,ACTIVE,2690877,Henri Leconte,1.2,16.02, 1.19,3.75, 1.1,8.57,6.2,12.8,0.0,0,0,0,0
1322738128813,0,ACTIVE,2690880,John McEnroe,1.2,18.91, 1.19,3.75, 1.1,8.57,6.2,13.95,0.0,0,0,0,0
1322738129813,0,ACTIVE,2690877,Henri Leconte,1.2,16.02, 1.19,3.75, 1.1,8.57,6.2,12.8,0.0,0,0,0,0
1322738129813,0,ACTIVE,2690880,John McEnroe,1.2,18.91, 1.19,3.75, 1.1,8.57,6.2,13.95,0.0,0,0,0,0
1322738130814,0,ACTIVE,2690877,Henri Leconte,1.2,16.02, 1.19,3.75, 1.1,8.57,6.2,12.8,0.0,0,0,0,0
1322738130814,0,ACTIVE,2690880,John McEnroe,1.2,18.91, 1.19,3.75, 1.1,8.57,6.2,13.95,0.0,0,0,0,0
1322738131814,0,ACTIVE,2690877,Henri Leconte,1.2,16.02, 1.19,3.75, 1.1,8.57,6.2,12.8,0.0,0,0,0,0
1322738131814,0,ACTIVE,2690880,John McEnroe,1.2,18.91, 1.19,3.75, 1.1,8.57,6.2,13.95,0.0,0,0,0,0
1322738132814,0,ACTIVE,2690877,Henri Leconte,1.2,16.02, 1.19,3.75, 1.1,8.57,6.2,12.8,0.0,0,0,0,0
1322738132815,0,ACTIVE,2690880,John McEnroe,1.2,18.91, 1.19,3.75, 1.1,8.57,6.2,13.95,0.0,0,0,0,0
1322738133815,0,ACTIVE,2690877,Henri Leconte,1.2,16.02, 1.19,3.75, 1.1,8.57,6.2,12.8,0.0,0,0,0,0
1322738133815,0,ACTIVE,2690880,John McEnroe,1.2,18.91, 1.19,3.75, 1.1,8.57,6.2,13.95,0.0,0,0,0,0
1322738134815,0,ACTIVE,2690877,Henri Leconte,1.2,16.02, 1.19,3.75, 1.1,8.57,6.2,12.8,0.0,0,0,0,0
1322738134815,0,ACTIVE,2690880,John McEnroe,1.2,18.91, 1.19,3.75, 1.1,8.57,6.2,13.95,0.0,0,0,0,0
1322738135816,0,ACTIVE,2690877,Henri Leconte,1.2,16.02, 1.19,3.75, 1.1,8.57,6.2,12.8,0.0,0,0,0,0
1322738135816,0,ACTIVE,2690880,John McEnroe,1.2,18.91, 1.19,3.75, 1.1,8.57,6.2,13.95,0.0,0,0,0,0
1322738136816,0,ACTIVE,2690877,Henri Leconte,1.2,16.02, 1.19,3.75, 1.1,8.57,6.2,12.8,0.0,0,0,0,0
1322738136816,0,ACTIVE,2690880,John McEnroe,1.2,18.91, 1.19,3.75, 1.1,8.57,6.2,13.95,0.0,0,0,0,0
1322738137817,0,ACTIVE,2690877,Henri Leconte,1.2,16.02, 1.19,3.75, 1.1,8.57,6.2,12.8,0.0,0,0,0,0
1322738137817,0,ACTIVE,2690880,John McEnroe,1.2,18.91, 1.19,3.75, 1.1,8.57,6.2,13.95,0.0,0,0,0,0
1322738138817,0,ACTIVE,2690877,Henri Leconte,1.2,16.02, 1.19,3.75, 1.1,8.57,6.2,12.8,0.0,0,0,0,0
1322738138817,0,ACTIVE,2690880,John McEnroe,1.2,18.91, 1.19,3.75, 1.1,8.57,6.2,13.95,0.0,0,0,0,0
1322738139818,0,ACTIVE,2690877,Henri Leconte,1.2,16.02, 1.19,3.75, 1.1,8.57,6.2,12.8,0.0,0,0,0,0
1322738139818,0,ACTIVE,2690880,John McEnroe,1.2,18.91, 1.19,3.75, 1.1,8.57,6.2,13.95,0.0,0,0,0,0
1322738140818,0,ACTIVE,2690877,Henri Leconte,1.2,16.02, 1.19,3.75, 1.1,8.57,6.2,12.8,0.0,0,0,0,0
1322738140818,0,ACTIVE,2690880,John McEnroe,1.2,18.91, 1.19,3.75, 1.1,8.57,6.2,13.95,0.0,0,0,0,0
1322738141819,0,ACTIVE,2690877,Henri Leconte,1.2,16.02, 1.19,3.75, 1.1,8.57,6.2,12.8,0.0,0,0,0,0
1322738141819,0,ACTIVE,2690880,John McEnroe,1.2,18.91, 1.19,3.75, 1.1,8.57,6.2,13.95,0.0,0,0,0,0
