Timestamp , Inplay delay , Market status , Selection ID , Selection name , BP1 , BV1 , BP2 , BV2 , BP3 , BV3 , LP1 , LV1 , LP2 , LV2 , LP3 , LV3 , Total matched , LPM ,  Set1 ,  Set2 ,  Set3 ,  Points 
1322419802514 , 5 , ACTIVE , 2444577 , Jo Wilfried Tsonga , 13.0 , 128.42 ,  12.0 , 20.0 ,  9.6 , 54.17 , 26.0 , 3.71 ,  36.0 , 3.0 ,  44.0 , 34.24 , 21.0 , 0 , 0 , 0 , 0
1322419802518 , 5 , ACTIVE , 2251402 , Roger Federer , 1.05 , 27402.59 ,  1.04 , 21308.72 ,  1.03 , 13187.49 , 1.06 , 10215.83 ,  1.07 , 38.52 ,  1.08 , 1652.84 , 1.05 , 0 , 0 , 0 , 0
1322419803519 , 5 , ACTIVE , 2444577 , Jo Wilfried Tsonga , 19.5 , 4.28 ,  13.0 , 128.42 ,  12.0 , 20.0 , 26.0 , 3.71 ,  36.0 , 3.0 ,  44.0 , 34.24 , 21.0 , 0 , 0 , 0 , 0
1322419803519 , 5 , ACTIVE , 2251402 , Roger Federer , 1.05 , 27400.88 ,  1.04 , 21308.72 ,  1.03 , 13187.49 , 1.06 , 10215.83 ,  1.07 , 38.52 ,  1.08 , 1652.84 , 1.05 , 0 , 0 , 0 , 0
1322419804519 , 5 , ACTIVE , 2444577 , Jo Wilfried Tsonga , 19.5 , 4.28 ,  13.0 , 128.42 ,  12.0 , 20.0 , 26.0 , 3.71 ,  36.0 , 3.0 ,  44.0 , 34.24 , 21.0 , 0 , 0 , 0 , 0
1322419804520 , 5 , ACTIVE , 2251402 , Roger Federer , 1.05 , 27400.88 ,  1.04 , 21308.72 ,  1.03 , 13187.49 , 1.06 , 10215.83 ,  1.07 , 38.52 ,  1.08 , 1652.84 , 1.05 , 0 , 0 , 0 , 0
1322419805520 , 5 , ACTIVE , 2444577 , Jo Wilfried Tsonga , 19.5 , 4.28 ,  13.0 , 128.42 ,  12.0 , 20.0 , 36.0 , 3.0 ,  44.0 , 34.24 ,  55.0 , 257.18 , 21.0 , 0 , 0 , 0 , 0
1322419805520 , 5 , ACTIVE , 2251402 , Roger Federer , 1.05 , 25858.29 ,  1.04 , 21006.85 ,  1.03 , 13185.78 , 1.06 , 8174.2 ,  1.07 , 38.52 ,  1.08 , 1652.84 , 1.05 , 0 , 0 , 0 , 0
1322419806521 , 5 , ACTIVE , 2444577 , Jo Wilfried Tsonga , 19.5 , 4.28 ,  13.0 , 128.42 ,  12.0 , 20.0 , 36.0 , 3.0 ,  44.0 , 34.24 ,  55.0 , 257.18 , 21.0 , 0 , 0 , 0 , 0
1322419806521 , 5 , ACTIVE , 2251402 , Roger Federer , 1.05 , 25858.29 ,  1.04 , 21006.85 ,  1.03 , 13185.78 , 1.06 , 8174.2 ,  1.07 , 38.52 ,  1.08 , 1652.84 , 1.05 , 0 , 0 , 0 , 0
1322419807521 , 5 , ACTIVE , 2444577 , Jo Wilfried Tsonga , 19.5 , 4.28 ,  13.0 , 128.42 ,  12.0 , 20.0 , 36.0 , 3.0 ,  44.0 , 34.24 ,  55.0 , 257.18 , 21.0 , 0 , 0 , 0 , 0
1322419807522 , 5 , ACTIVE , 2251402 , Roger Federer , 1.05 , 20519.46 ,  1.04 , 1006.85 ,  1.03 , 13285.78 , 1.06 , 13977.18 ,  1.07 , 29.96 ,  1.08 , 1652.84 , 1.05 , 0 , 0 , 0 , 0
1322419808522 , 5 , ACTIVE , 2444577 , Jo Wilfried Tsonga , 19.5 , 4.28 ,  13.0 , 128.42 ,  12.0 , 20.0 , 36.0 , 3.0 ,  44.0 , 34.24 ,  55.0 , 257.18 , 21.0 , 3 , 3 , 0 , 0
1322419808522 , 5 , ACTIVE , 2251402 , Roger Federer , 1.05 , 20519.46 ,  1.04 , 1006.85 ,  1.03 , 13285.78 , 1.06 , 13977.18 ,  1.07 , 29.96 ,  1.08 , 1652.84 , 1.05 , 6 , 4 , 0 , 0
1322419809523 , 5 , ACTIVE , 2444577 , Jo Wilfried Tsonga , 19.5 , 4.28 ,  13.0 , 128.42 ,  12.0 , 20.0 , 36.0 , 3.0 ,  44.0 , 34.24 ,  55.0 , 257.18 , 21.0 , 3 , 3 , 0 , 0
1322419809523 , 5 , ACTIVE , 2251402 , Roger Federer , 1.05 , 20519.46 ,  1.04 , 1006.85 ,  1.03 , 13285.78 , 1.06 , 13977.18 ,  1.07 , 29.96 ,  1.08 , 1652.84 , 1.05 , 6 , 4 , 0 , 0
1322419810523 , 5 , ACTIVE , 2444577 , Jo Wilfried Tsonga , 13.0 , 3.42 ,  12.0 , 20.0 ,  9.6 , 54.17 , 36.0 , 3.0 ,  44.0 , 34.24 ,  55.0 , 257.18 , 26.0 , 3 , 3 , 0 , 0
1322419810523 , 5 , ACTIVE , 2251402 , Roger Federer , 1.03 , 13285.78 ,  1.02 , 107900.44 ,  1.01 , 104705.14 , 1.04 , 4785.0 ,  1.05 , 7796.07 ,  1.06 , 13121.02 , 1.04 , 6 , 4 , 0 , 0
1322419811524 , 5 , ACTIVE , 2444577 , Jo Wilfried Tsonga , 13.0 , 3.42 ,  12.0 , 20.0 ,  9.6 , 54.17 , 36.0 , 3.0 ,  44.0 , 34.24 ,  55.0 , 257.18 , 26.0 , 3 , 3 , 0 , 0
1322419811524 , 5 , ACTIVE , 2251402 , Roger Federer , 1.03 , 13285.78 ,  1.02 , 107900.44 ,  1.01 , 104705.14 , 1.04 , 4785.0 ,  1.05 , 7796.07 ,  1.06 , 13121.02 , 1.04 , 6 , 4 , 0 , 0
1322419812524 , 5 , ACTIVE , 2444577 , Jo Wilfried Tsonga , 13.0 , 3.42 ,  12.0 , 20.0 ,  9.6 , 54.17 , 36.0 , 3.0 ,  44.0 , 34.24 ,  55.0 , 257.18 , 26.0 , 3 , 3 , 0 , 0
1322419812525 , 5 , ACTIVE , 2251402 , Roger Federer , 1.03 , 13285.78 ,  1.02 , 107900.44 ,  1.01 , 104705.14 , 1.04 , 4785.0 ,  1.05 , 7796.07 ,  1.06 , 13121.02 , 1.04 , 6 , 4 , 0 , 0
1322419813525 , 5 , ACTIVE , 2444577 , Jo Wilfried Tsonga , 13.0 , 3.42 ,  12.0 , 20.0 ,  9.6 , 54.17 , 36.0 , 3.0 ,  44.0 , 34.24 ,  55.0 , 257.18 , 26.0 , 3 , 3 , 0 , 0
1322419813525 , 5 , ACTIVE , 2251402 , Roger Federer , 1.03 , 13285.78 ,  1.02 , 107900.44 ,  1.01 , 104705.14 , 1.04 , 4785.0 ,  1.05 , 7796.07 ,  1.06 , 13121.02 , 1.04 , 6 , 4 , 0 , 0
1322419814526 , 5 , ACTIVE , 2444577 , Jo Wilfried Tsonga , 13.0 , 3.42 ,  12.0 , 20.0 ,  9.6 , 54.17 , 36.0 , 3.0 ,  44.0 , 34.24 ,  55.0 , 257.18 , 26.0 , 3 , 3 , 0 , 0
1322419814526 , 5 , ACTIVE , 2251402 , Roger Federer , 1.03 , 13285.78 ,  1.02 , 107900.44 ,  1.01 , 104705.14 , 1.04 , 4785.0 ,  1.05 , 7796.07 ,  1.06 , 13121.02 , 1.04 , 6 , 4 , 0 , 0
1322419815527 , 5 , ACTIVE , 2444577 , Jo Wilfried Tsonga , 13.0 , 3.42 ,  12.0 , 20.0 ,  9.6 , 54.17 , 36.0 , 3.0 ,  44.0 , 34.24 ,  55.0 , 257.18 , 26.0 , 3 , 3 , 0 , 0
1322419815527 , 5 , ACTIVE , 2251402 , Roger Federer , 1.03 , 13285.78 ,  1.02 , 107900.44 ,  1.01 , 104705.14 , 1.04 , 4785.0 ,  1.05 , 7796.07 ,  1.06 , 13121.02 , 1.04 , 6 , 4 , 0 , 0
1322419816527 , 5 , ACTIVE , 2444577 , Jo Wilfried Tsonga , 13.0 , 3.42 ,  12.0 , 20.0 ,  9.6 , 54.17 , 36.0 , 3.0 ,  44.0 , 34.24 ,  55.0 , 257.18 , 26.0 , 3 , 3 , 0 , 0
1322419816528 , 5 , ACTIVE , 2251402 , Roger Federer , 1.03 , 13285.78 ,  1.02 , 107900.44 ,  1.01 , 104705.14 , 1.04 , 4785.0 ,  1.05 , 7796.07 ,  1.06 , 13121.02 , 1.04 , 6 , 4 , 0 , 0
1322419817528 , 5 , ACTIVE , 2444577 , Jo Wilfried Tsonga , 13.0 , 3.42 ,  12.0 , 20.0 ,  9.6 , 54.17 , 36.0 , 3.0 ,  44.0 , 34.24 ,  55.0 , 257.18 , 26.0 , 3 , 3 , 0 , 0
1322419817529 , 5 , ACTIVE , 2251402 , Roger Federer , 1.03 , 13285.78 ,  1.02 , 107900.44 ,  1.01 , 104705.14 , 1.04 , 4785.0 ,  1.05 , 7796.07 ,  1.06 , 13121.02 , 1.04 , 6 , 4 , 0 , 0
1322419818529 , 5 , ACTIVE , 2444577 , Jo Wilfried Tsonga , 13.0 , 3.42 ,  12.0 , 20.0 ,  9.6 , 54.17 , 36.0 , 3.0 ,  44.0 , 34.24 ,  55.0 , 257.18 , 26.0 , 3 , 3 , 0 , 0
1322419818529 , 5 , ACTIVE , 2251402 , Roger Federer , 1.03 , 13285.78 ,  1.02 , 107900.44 ,  1.01 , 104705.14 , 1.04 , 4785.0 ,  1.05 , 7796.07 ,  1.06 , 13121.02 , 1.04 , 6 , 4 , 0 , 0
1322419819531 , 5 , ACTIVE , 2444577 , Jo Wilfried Tsonga , 13.0 , 3.42 ,  12.0 , 20.0 ,  9.6 , 54.17 , 36.0 , 3.0 ,  44.0 , 34.24 ,  55.0 , 257.18 , 26.0 , 3 , 3 , 0 , 0
1322419819531 , 5 , ACTIVE , 2251402 , Roger Federer , 1.03 , 13285.78 ,  1.02 , 107900.44 ,  1.01 , 104705.14 , 1.04 , 4785.0 ,  1.05 , 7796.07 ,  1.06 , 13121.02 , 1.04 , 6 , 4 , 0 , 0
1322419820532 , 5 , ACTIVE , 2444577 , Jo Wilfried Tsonga , 13.0 , 3.42 ,  12.0 , 20.0 ,  9.6 , 54.17 , 36.0 , 3.0 ,  44.0 , 34.24 ,  55.0 , 257.18 , 26.0 , 3 , 3 , 0 , 0
1322419820532 , 5 , ACTIVE , 2251402 , Roger Federer , 1.03 , 13285.78 ,  1.02 , 107900.44 ,  1.01 , 104705.14 , 1.04 , 4785.0 ,  1.05 , 7796.07 ,  1.06 , 13121.02 , 1.04 , 6 , 4 , 0 , 0
1322419821532 , 5 , ACTIVE , 2444577 , Jo Wilfried Tsonga , 13.0 , 3.42 ,  12.0 , 20.0 ,  9.6 , 54.17 , 36.0 , 3.0 ,  44.0 , 34.24 ,  55.0 , 257.18 , 26.0 , 3 , 3 , 0 , 0
1322419821532 , 5 , ACTIVE , 2251402 , Roger Federer , 1.03 , 13285.78 ,  1.02 , 107900.44 ,  1.01 , 104705.14 , 1.04 , 4785.0 ,  1.05 , 7796.07 ,  1.06 , 13121.02 , 1.04 , 6 , 4 , 0 , 0
1322419822533 , 5 , ACTIVE , 2444577 , Jo Wilfried Tsonga , 13.0 , 3.42 ,  12.0 , 20.0 ,  9.6 , 54.17 , 36.0 , 3.0 ,  44.0 , 34.24 ,  55.0 , 257.18 , 26.0 , 3 , 3 , 0 , 0
1322419822533 , 5 , ACTIVE , 2251402 , Roger Federer , 1.03 , 13285.78 ,  1.02 , 107900.44 ,  1.01 , 104705.14 , 1.04 , 4785.0 ,  1.05 , 7796.07 ,  1.06 , 13121.02 , 1.04 , 6 , 4 , 0 , 0
1322419823534 , 5 , ACTIVE , 2444577 , Jo Wilfried Tsonga , 13.0 , 3.42 ,  12.0 , 20.0 ,  9.6 , 54.17 , 36.0 , 3.0 ,  44.0 , 34.24 ,  55.0 , 257.18 , 26.0 , 3 , 3 , 0 , 0
1322419823534 , 5 , ACTIVE , 2251402 , Roger Federer , 1.03 , 13285.78 ,  1.02 , 107900.44 ,  1.01 , 104705.14 , 1.04 , 4785.0 ,  1.05 , 7796.07 ,  1.06 , 13121.02 , 1.04 , 6 , 4 , 0 , 0
1322419824535 , 5 , ACTIVE , 2444577 , Jo Wilfried Tsonga , 13.0 , 3.42 ,  12.0 , 20.0 ,  9.6 , 54.17 , 36.0 , 3.0 ,  44.0 , 34.24 ,  55.0 , 257.18 , 26.0 , 3 , 3 , 0 , 0
1322419824535 , 5 , ACTIVE , 2251402 , Roger Federer , 1.03 , 13285.78 ,  1.02 , 107900.44 ,  1.01 , 104705.14 , 1.04 , 4785.0 ,  1.05 , 7796.07 ,  1.06 , 13121.02 , 1.04 , 6 , 4 , 0 , 0
1322419825535 , 5 , ACTIVE , 2444577 , Jo Wilfried Tsonga , 13.0 , 3.42 ,  12.0 , 20.0 ,  9.6 , 54.17 , 36.0 , 3.0 ,  44.0 , 34.24 ,  55.0 , 257.18 , 26.0 , 3 , 3 , 0 , 0
1322419825536 , 5 , ACTIVE , 2251402 , Roger Federer , 1.03 , 13285.78 ,  1.02 , 107900.44 ,  1.01 , 104705.14 , 1.04 , 4785.0 ,  1.05 , 7796.07 ,  1.06 , 13121.02 , 1.04 , 6 , 4 , 0 , 0
1322419826536 , 5 , ACTIVE , 2444577 , Jo Wilfried Tsonga , 13.0 , 3.42 ,  12.0 , 20.0 ,  9.6 , 54.17 , 36.0 , 3.0 ,  44.0 , 34.24 ,  55.0 , 257.18 , 26.0 , 3 , 3 , 0 , 0
1322419826537 , 5 , ACTIVE , 2251402 , Roger Federer , 1.03 , 13285.78 ,  1.02 , 107900.44 ,  1.01 , 104705.14 , 1.04 , 4785.0 ,  1.05 , 7796.07 ,  1.06 , 13121.02 , 1.04 , 6 , 4 , 0 , 0
1322419827537 , 5 , ACTIVE , 2444577 , Jo Wilfried Tsonga , 13.0 , 3.42 ,  12.0 , 20.0 ,  9.6 , 54.17 , 36.0 , 3.0 ,  44.0 , 34.24 ,  55.0 , 257.18 , 26.0 , 3 , 3 , 0 , 0
1322419827537 , 5 , ACTIVE , 2251402 , Roger Federer , 1.03 , 13285.78 ,  1.02 , 107900.44 ,  1.01 , 104705.14 , 1.04 , 4785.0 ,  1.05 , 7796.07 ,  1.06 , 13121.02 , 1.04 , 6 , 4 , 0 , 0
1322419828539 , 5 , ACTIVE , 2444577 , Jo Wilfried Tsonga , 13.0 , 3.42 ,  12.0 , 20.0 ,  9.6 , 54.17 , 36.0 , 3.0 ,  44.0 , 34.24 ,  55.0 , 257.18 , 26.0 , 3 , 3 , 0 , 0
1322419828540 , 5 , ACTIVE , 2251402 , Roger Federer , 1.03 , 13285.78 ,  1.02 , 107900.44 ,  1.01 , 104705.14 , 1.04 , 4785.0 ,  1.05 , 7796.07 ,  1.06 , 13121.02 , 1.04 , 6 , 4 , 0 , 0
1322419829540 , 5 , ACTIVE , 2444577 , Jo Wilfried Tsonga , 13.0 , 3.42 ,  12.0 , 20.0 ,  9.6 , 54.17 , 36.0 , 3.0 ,  44.0 , 34.24 ,  55.0 , 257.18 , 26.0 , 3 , 3 , 0 , 0
1322419829540 , 5 , ACTIVE , 2251402 , Roger Federer , 1.03 , 13285.78 ,  1.02 , 107900.44 ,  1.01 , 104705.14 , 1.04 , 4785.0 ,  1.05 , 7796.07 ,  1.06 , 13121.02 , 1.04 , 6 , 4 , 0 , 0
1322419830541 , 5 , ACTIVE , 2444577 , Jo Wilfried Tsonga , 13.0 , 3.42 ,  12.0 , 20.0 ,  9.6 , 54.17 , 36.0 , 3.0 ,  44.0 , 34.24 ,  55.0 , 257.18 , 26.0 , 3 , 3 , 0 , 0
1322419830541 , 5 , ACTIVE , 2251402 , Roger Federer , 1.03 , 13285.78 ,  1.02 , 107900.44 ,  1.01 , 104705.14 , 1.04 , 4785.0 ,  1.05 , 7796.07 ,  1.06 , 13121.02 , 1.04 , 6 , 4 , 0 , 0
1322419831541 , 5 , ACTIVE , 2444577 , Jo Wilfried Tsonga , 13.0 , 3.42 ,  12.0 , 20.0 ,  9.6 , 54.17 , 36.0 , 3.0 ,  44.0 , 34.24 ,  55.0 , 257.18 , 26.0 , 3 , 3 , 0 , 0
1322419831542 , 5 , ACTIVE , 2251402 , Roger Federer , 1.03 , 13285.78 ,  1.02 , 107900.44 ,  1.01 , 104705.14 , 1.04 , 4785.0 ,  1.05 , 7796.07 ,  1.06 , 13121.02 , 1.04 , 6 , 4 , 0 , 0
1322419832542 , 5 , ACTIVE , 2444577 , Jo Wilfried Tsonga , 13.0 , 3.42 ,  12.0 , 20.0 ,  9.6 , 54.17 , 36.0 , 3.0 ,  44.0 , 34.24 ,  55.0 , 257.18 , 26.0 , 3 , 3 , 0 , 0
1322419832543 , 5 , ACTIVE , 2251402 , Roger Federer , 1.03 , 13285.78 ,  1.02 , 107900.44 ,  1.01 , 104705.14 , 1.04 , 4785.0 ,  1.05 , 7796.07 ,  1.06 , 13121.02 , 1.04 , 6 , 4 , 0 , 0
1322419833543 , 5 , ACTIVE , 2444577 , Jo Wilfried Tsonga , 13.0 , 3.42 ,  12.0 , 20.0 ,  9.6 , 54.17 , 36.0 , 3.0 ,  44.0 , 34.24 ,  55.0 , 257.18 , 26.0 , 3 , 3 , 0 , 0
1322419833543 , 5 , ACTIVE , 2251402 , Roger Federer , 1.03 , 13285.78 ,  1.02 , 107900.44 ,  1.01 , 104705.14 , 1.04 , 4785.0 ,  1.05 , 7796.07 ,  1.06 , 13121.02 , 1.04 , 6 , 4 , 0 , 0
1322419834544 , 5 , ACTIVE , 2444577 , Jo Wilfried Tsonga , 13.0 , 3.42 ,  12.0 , 20.0 ,  9.6 , 54.17 , 36.0 , 3.0 ,  44.0 , 34.24 ,  55.0 , 257.18 , 26.0 , 3 , 3 , 0 , 0
1322419834544 , 5 , ACTIVE , 2251402 , Roger Federer , 1.03 , 13285.78 ,  1.02 , 107900.44 ,  1.01 , 104705.14 , 1.04 , 4785.0 ,  1.05 , 7796.07 ,  1.06 , 13121.02 , 1.04 , 6 , 4 , 0 , 0
1322419835545 , 5 , ACTIVE , 2444577 , Jo Wilfried Tsonga , 13.0 , 3.42 ,  12.0 , 20.0 ,  9.6 , 54.17 , 36.0 , 3.0 ,  44.0 , 34.24 ,  55.0 , 257.18 , 26.0 , 3 , 3 , 0 , 15
1322419835545 , 5 , ACTIVE , 2251402 , Roger Federer , 1.03 , 13285.78 ,  1.02 , 107900.44 ,  1.01 , 104705.14 , 1.04 , 4785.0 ,  1.05 , 7796.07 ,  1.06 , 13121.02 , 1.04 , 6 , 4 , 0 , 0
1322419836545 , 5 , ACTIVE , 2444577 , Jo Wilfried Tsonga , 13.0 , 3.42 ,  12.0 , 20.0 ,  9.6 , 54.17 , 36.0 , 3.0 ,  44.0 , 34.24 ,  55.0 , 257.18 , 26.0 , 3 , 3 , 0 , 15
1322419836546 , 5 , ACTIVE , 2251402 , Roger Federer , 1.03 , 13285.78 ,  1.02 , 107900.44 ,  1.01 , 104705.14 , 1.04 , 4785.0 ,  1.05 , 7796.07 ,  1.06 , 13121.02 , 1.04 , 6 , 4 , 0 , 0
1322419837546 , 5 , ACTIVE , 2444577 , Jo Wilfried Tsonga , 13.0 , 3.42 ,  12.0 , 20.0 ,  9.6 , 54.17 , 36.0 , 3.0 ,  44.0 , 34.24 ,  55.0 , 257.18 , 26.0 , 3 , 3 , 0 , 15
1322419837547 , 5 , ACTIVE , 2251402 , Roger Federer , 1.03 , 13285.78 ,  1.02 , 107900.44 ,  1.01 , 104705.14 , 1.04 , 4785.0 ,  1.05 , 7796.07 ,  1.06 , 13121.02 , 1.04 , 6 , 4 , 0 , 0
1322419838547 , 5 , ACTIVE , 2444577 , Jo Wilfried Tsonga , 13.0 , 3.42 ,  12.0 , 20.0 ,  9.6 , 54.17 , 36.0 , 3.0 ,  44.0 , 34.24 ,  55.0 , 257.18 , 26.0 , 3 , 3 , 0 , 15
1322419838547 , 5 , ACTIVE , 2251402 , Roger Federer , 1.03 , 13285.78 ,  1.02 , 107900.44 ,  1.01 , 104705.14 , 1.04 , 4785.0 ,  1.05 , 7796.07 ,  1.06 , 13121.02 , 1.04 , 6 , 4 , 0 , 0
1322419839548 , 5 , ACTIVE , 2444577 , Jo Wilfried Tsonga , 13.0 , 3.42 ,  12.0 , 20.0 ,  9.6 , 54.17 , 36.0 , 3.0 ,  44.0 , 34.24 ,  55.0 , 257.18 , 26.0 , 3 , 3 , 0 , 15
1322419839548 , 5 , ACTIVE , 2251402 , Roger Federer , 1.03 , 13285.78 ,  1.02 , 107900.44 ,  1.01 , 104705.14 , 1.04 , 4785.0 ,  1.05 , 7796.07 ,  1.06 , 13121.02 , 1.04 , 6 , 4 , 0 , 0
1322419840549 , 5 , ACTIVE , 2444577 , Jo Wilfried Tsonga , 13.0 , 3.42 ,  12.0 , 20.0 ,  9.6 , 54.17 , 36.0 , 3.0 ,  44.0 , 34.24 ,  55.0 , 257.18 , 26.0 , 3 , 3 , 0 , 15
1322419840549 , 5 , ACTIVE , 2251402 , Roger Federer , 1.03 , 13285.78 ,  1.02 , 107900.44 ,  1.01 , 104705.14 , 1.04 , 4785.0 ,  1.05 , 7796.07 ,  1.06 , 13121.02 , 1.04 , 6 , 4 , 0 , 0
1322419841549 , 5 , ACTIVE , 2444577 , Jo Wilfried Tsonga , 13.0 , 3.42 ,  12.0 , 20.0 ,  9.6 , 54.17 , 36.0 , 3.0 ,  44.0 , 34.24 ,  55.0 , 257.18 , 26.0 , 3 , 3 , 0 , 15
1322419841550 , 5 , ACTIVE , 2251402 , Roger Federer , 1.03 , 13285.78 ,  1.02 , 107900.44 ,  1.01 , 104705.14 , 1.04 , 4785.0 ,  1.05 , 7796.07 ,  1.06 , 13121.02 , 1.04 , 6 , 4 , 0 , 0
1322419842550 , 5 , ACTIVE , 2444577 , Jo Wilfried Tsonga , 13.0 , 3.42 ,  12.0 , 20.0 ,  9.6 , 54.17 , 36.0 , 3.0 ,  44.0 , 34.24 ,  55.0 , 257.18 , 26.0 , 3 , 3 , 0 , 15
1322419842551 , 5 , ACTIVE , 2251402 , Roger Federer , 1.03 , 13285.78 ,  1.02 , 107900.44 ,  1.01 , 104705.14 , 1.04 , 4785.0 ,  1.05 , 7796.07 ,  1.06 , 13121.02 , 1.04 , 6 , 4 , 0 , 0
1322419843551 , 5 , ACTIVE , 2444577 , Jo Wilfried Tsonga , 13.0 , 3.42 ,  12.0 , 20.0 ,  9.6 , 54.17 , 36.0 , 3.0 ,  44.0 , 34.24 ,  55.0 , 257.18 , 26.0 , 3 , 3 , 0 , 15
1322419843551 , 5 , ACTIVE , 2251402 , Roger Federer , 1.03 , 13285.78 ,  1.02 , 107900.44 ,  1.01 , 104705.14 , 1.04 , 4785.0 ,  1.05 , 7796.07 ,  1.06 , 13121.02 , 1.04 , 6 , 4 , 0 , 0
1322419844552 , 5 , ACTIVE , 2444577 , Jo Wilfried Tsonga , 13.0 , 3.42 ,  12.0 , 20.0 ,  9.6 , 54.17 , 36.0 , 3.0 ,  44.0 , 34.24 ,  55.0 , 257.18 , 26.0 , 3 , 3 , 0 , 15
1322419844552 , 5 , ACTIVE , 2251402 , Roger Federer , 1.03 , 13285.78 ,  1.02 , 107900.44 ,  1.01 , 104705.14 , 1.04 , 4785.0 ,  1.05 , 7796.07 ,  1.06 , 13121.02 , 1.04 , 6 , 4 , 0 , 0
1322419845553 , 5 , ACTIVE , 2444577 , Jo Wilfried Tsonga , 13.0 , 3.42 ,  12.0 , 20.0 ,  9.6 , 54.17 , 36.0 , 3.0 ,  44.0 , 34.24 ,  55.0 , 257.18 , 26.0 , 3 , 3 , 0 , 15
1322419845553 , 5 , ACTIVE , 2251402 , Roger Federer , 1.03 , 13285.78 ,  1.02 , 107900.44 ,  1.01 , 104705.14 , 1.04 , 4785.0 ,  1.05 , 7796.07 ,  1.06 , 13121.02 , 1.04 , 6 , 4 , 0 , 0
1322419846554 , 5 , ACTIVE , 2444577 , Jo Wilfried Tsonga , 13.0 , 3.42 ,  12.0 , 20.0 ,  9.6 , 54.17 , 36.0 , 3.0 ,  44.0 , 34.24 ,  55.0 , 257.18 , 26.0 , 3 , 3 , 0 , 15
1322419846554 , 5 , ACTIVE , 2251402 , Roger Federer , 1.03 , 13285.78 ,  1.02 , 107900.44 ,  1.01 , 104705.14 , 1.04 , 4785.0 ,  1.05 , 7796.07 ,  1.06 , 13121.02 , 1.04 , 6 , 4 , 0 , 0
1322419847554 , 5 , ACTIVE , 2444577 , Jo Wilfried Tsonga , 13.0 , 3.42 ,  12.0 , 20.0 ,  9.6 , 54.17 , 36.0 , 3.0 ,  44.0 , 34.24 ,  55.0 , 257.18 , 26.0 , 3 , 3 , 0 , 15
1322419847555 , 5 , ACTIVE , 2251402 , Roger Federer , 1.03 , 13285.78 ,  1.02 , 107900.44 ,  1.01 , 104705.14 , 1.04 , 4785.0 ,  1.05 , 7796.07 ,  1.06 , 13121.02 , 1.04 , 6 , 4 , 0 , 0
1322419848555 , 5 , ACTIVE , 2444577 , Jo Wilfried Tsonga , 13.0 , 3.42 ,  12.0 , 20.0 ,  9.6 , 54.17 , 36.0 , 3.0 ,  44.0 , 34.24 ,  55.0 , 257.18 , 26.0 , 3 , 3 , 0 , 15
1322419848555 , 5 , ACTIVE , 2251402 , Roger Federer , 1.03 , 13285.78 ,  1.02 , 107900.44 ,  1.01 , 104705.14 , 1.04 , 4785.0 ,  1.05 , 7796.07 ,  1.06 , 13121.02 , 1.04 , 6 , 4 , 0 , 15
1322419849556 , 5 , ACTIVE , 2444577 , Jo Wilfried Tsonga , 13.0 , 3.42 ,  12.0 , 20.0 ,  9.6 , 54.17 , 36.0 , 3.0 ,  44.0 , 34.24 ,  55.0 , 257.18 , 26.0 , 3 , 3 , 0 , 15
1322419849556 , 5 , ACTIVE , 2251402 , Roger Federer , 1.03 , 13285.78 ,  1.02 , 107900.44 ,  1.01 , 104705.14 , 1.04 , 4785.0 ,  1.05 , 7796.07 ,  1.06 , 13121.02 , 1.04 , 6 , 4 , 0 , 15
1322419850557 , 5 , ACTIVE , 2444577 , Jo Wilfried Tsonga , 13.0 , 3.42 ,  12.0 , 20.0 ,  9.6 , 54.17 , 36.0 , 3.0 ,  44.0 , 34.24 ,  55.0 , 257.18 , 26.0 , 3 , 3 , 0 , 15
1322419850557 , 5 , ACTIVE , 2251402 , Roger Federer , 1.03 , 13285.78 ,  1.02 , 107900.44 ,  1.01 , 104705.14 , 1.04 , 4785.0 ,  1.05 , 7796.07 ,  1.06 , 13121.02 , 1.04 , 6 , 4 , 0 , 15
1322419851558 , 5 , ACTIVE , 2444577 , Jo Wilfried Tsonga , 13.0 , 3.42 ,  12.0 , 20.0 ,  9.6 , 54.17 , 36.0 , 3.0 ,  44.0 , 34.24 ,  55.0 , 257.18 , 26.0 , 3 , 3 , 0 , 15
1322419851558 , 5 , ACTIVE , 2251402 , Roger Federer , 1.03 , 13285.78 ,  1.02 , 107900.44 ,  1.01 , 104705.14 , 1.04 , 4785.0 ,  1.05 , 7796.07 ,  1.06 , 13121.02 , 1.04 , 6 , 4 , 0 , 15
1322419852558 , 5 , ACTIVE , 2444577 , Jo Wilfried Tsonga , 13.0 , 3.42 ,  12.0 , 20.0 ,  9.6 , 54.17 , 36.0 , 3.0 ,  44.0 , 34.24 ,  55.0 , 257.18 , 26.0 , 3 , 3 , 0 , 15
1322419852559 , 5 , ACTIVE , 2251402 , Roger Federer , 1.03 , 13285.78 ,  1.02 , 107900.44 ,  1.01 , 104705.14 , 1.04 , 4785.0 ,  1.05 , 7796.07 ,  1.06 , 13121.02 , 1.04 , 6 , 4 , 0 , 15
1322419853559 , 5 , ACTIVE , 2444577 , Jo Wilfried Tsonga , 13.0 , 3.42 ,  12.0 , 20.0 ,  9.6 , 54.17 , 36.0 , 3.0 ,  44.0 , 34.24 ,  55.0 , 257.18 , 26.0 , 3 , 3 , 0 , 15
1322419853559 , 5 , ACTIVE , 2251402 , Roger Federer , 1.03 , 13285.78 ,  1.02 , 107900.44 ,  1.01 , 104705.14 , 1.04 , 4785.0 ,  1.05 , 7796.07 ,  1.06 , 13121.02 , 1.04 , 6 , 4 , 0 , 15
1322419854560 , 5 , ACTIVE , 2444577 , Jo Wilfried Tsonga , 13.0 , 3.42 ,  12.0 , 20.0 ,  9.6 , 54.17 , 36.0 , 3.0 ,  44.0 , 34.24 ,  55.0 , 257.18 , 26.0 , 3 , 3 , 0 , 15
1322419854560 , 5 , ACTIVE , 2251402 , Roger Federer , 1.03 , 13285.78 ,  1.02 , 107900.44 ,  1.01 , 104705.14 , 1.04 , 4785.0 ,  1.05 , 7796.07 ,  1.06 , 13121.02 , 1.04 , 6 , 4 , 0 , 15
1322419855561 , 5 , ACTIVE , 2444577 , Jo Wilfried Tsonga , 13.0 , 3.42 ,  12.0 , 20.0 ,  9.6 , 54.17 , 36.0 , 3.0 ,  44.0 , 34.24 ,  55.0 , 257.18 , 26.0 , 3 , 3 , 0 , 15
1322419855561 , 5 , ACTIVE , 2251402 , Roger Federer , 1.03 , 13285.78 ,  1.02 , 107900.44 ,  1.01 , 104705.14 , 1.04 , 4785.0 ,  1.05 , 7796.07 ,  1.06 , 13121.02 , 1.04 , 6 , 4 , 0 , 15
1322419856562 , 5 , ACTIVE , 2444577 , Jo Wilfried Tsonga , 13.0 , 3.42 ,  12.0 , 20.0 ,  9.6 , 54.17 , 36.0 , 3.0 ,  44.0 , 34.24 ,  55.0 , 257.18 , 26.0 , 3 , 3 , 0 , 15
1322419856562 , 5 , ACTIVE , 2251402 , Roger Federer , 1.03 , 13285.78 ,  1.02 , 107900.44 ,  1.01 , 104705.14 , 1.04 , 4785.0 ,  1.05 , 7796.07 ,  1.06 , 13121.02 , 1.04 , 6 , 4 , 0 , 15
1322419857562 , 5 , ACTIVE , 2444577 , Jo Wilfried Tsonga , 13.0 , 3.42 ,  12.0 , 20.0 ,  9.6 , 54.17 , 36.0 , 3.0 ,  44.0 , 34.24 ,  55.0 , 257.18 , 26.0 , 3 , 3 , 0 , 15
1322419857563 , 5 , ACTIVE , 2251402 , Roger Federer , 1.03 , 13285.78 ,  1.02 , 107900.44 ,  1.01 , 104705.14 , 1.04 , 4785.0 ,  1.05 , 7796.07 ,  1.06 , 13121.02 , 1.04 , 6 , 4 , 0 , 15
1322419858563 , 5 , ACTIVE , 2444577 , Jo Wilfried Tsonga , 13.0 , 3.42 ,  12.0 , 20.0 ,  9.6 , 54.17 , 36.0 , 3.0 ,  44.0 , 34.24 ,  55.0 , 257.18 , 26.0 , 3 , 3 , 0 , 15
1322419858563 , 5 , ACTIVE , 2251402 , Roger Federer , 1.03 , 13285.78 ,  1.02 , 107900.44 ,  1.01 , 104705.14 , 1.04 , 4785.0 ,  1.05 , 7796.07 ,  1.06 , 13121.02 , 1.04 , 6 , 4 , 0 , 15
1322419859564 , 5 , ACTIVE , 2444577 , Jo Wilfried Tsonga , 13.0 , 3.42 ,  12.0 , 20.0 ,  9.6 , 54.17 , 36.0 , 3.0 ,  44.0 , 34.24 ,  55.0 , 257.18 , 26.0 , 3 , 3 , 0 , 15
1322419859564 , 5 , ACTIVE , 2251402 , Roger Federer , 1.03 , 13285.78 ,  1.02 , 107900.44 ,  1.01 , 104705.14 , 1.04 , 4785.0 ,  1.05 , 7796.07 ,  1.06 , 13121.02 , 1.04 , 6 , 4 , 0 , 15
1322419860565 , 5 , ACTIVE , 2444577 , Jo Wilfried Tsonga , 13.0 , 3.42 ,  12.0 , 20.0 ,  9.6 , 54.17 , 36.0 , 3.0 ,  44.0 , 34.24 ,  55.0 , 257.18 , 26.0 , 3 , 3 , 0 , 15
1322419860565 , 5 , ACTIVE , 2251402 , Roger Federer , 1.03 , 13285.78 ,  1.02 , 107900.44 ,  1.01 , 104705.14 , 1.04 , 4785.0 ,  1.05 , 7796.07 ,  1.06 , 13121.02 , 1.04 , 6 , 4 , 0 , 15
1322419861566 , 5 , ACTIVE , 2444577 , Jo Wilfried Tsonga , 13.0 , 3.42 ,  12.0 , 20.0 ,  9.6 , 54.17 , 36.0 , 3.0 ,  44.0 , 34.24 ,  55.0 , 257.18 , 26.0 , 3 , 3 , 0 , 15
1322419861566 , 5 , ACTIVE , 2251402 , Roger Federer , 1.03 , 13285.78 ,  1.02 , 107900.44 ,  1.01 , 104705.14 , 1.04 , 4785.0 ,  1.05 , 7796.07 ,  1.06 , 13121.02 , 1.04 , 6 , 4 , 0 , 15
1322419862567 , 5 , ACTIVE , 2444577 , Jo Wilfried Tsonga , 13.0 , 3.42 ,  12.0 , 20.0 ,  9.6 , 54.17 , 36.0 , 3.0 ,  44.0 , 34.24 ,  55.0 , 257.18 , 26.0 , 3 , 3 , 0 , 15
1322419862567 , 5 , ACTIVE , 2251402 , Roger Federer , 1.03 , 13285.78 ,  1.02 , 107900.44 ,  1.01 , 104705.14 , 1.04 , 4785.0 ,  1.05 , 7796.07 ,  1.06 , 13121.02 , 1.04 , 6 , 4 , 0 , 15
1322419863568 , 5 , ACTIVE , 2444577 , Jo Wilfried Tsonga , 13.0 , 3.42 ,  12.0 , 20.0 ,  9.6 , 54.17 , 36.0 , 3.0 ,  44.0 , 34.24 ,  55.0 , 257.18 , 26.0 , 3 , 3 , 0 , 15
1322419863568 , 5 , ACTIVE , 2251402 , Roger Federer , 1.03 , 13285.78 ,  1.02 , 107900.44 ,  1.01 , 104705.14 , 1.04 , 4785.0 ,  1.05 , 7796.07 ,  1.06 , 13121.02 , 1.04 , 6 , 4 , 0 , 15
1322419864568 , 5 , ACTIVE , 2444577 , Jo Wilfried Tsonga , 26.0 , 44.0 ,  15.5 , 12.0 ,  13.0 , 3.42 , 36.0 , 4.71 ,  44.0 , 34.24 ,  55.0 , 257.18 , 25.0 , 3 , 3 , 0 , 15
1322419864568 , 5 , ACTIVE , 2251402 , Roger Federer , 1.02 , 109864.22 ,  1.01 , 104705.14 , 1.03 , 1059.81 ,  1.04 , 8584.16 ,  1.05 , 9016.26 , 1.03 , 6 , 4 , 0 , 15
1322419865569 , 5 , ACTIVE , 2444577 , Jo Wilfried Tsonga , 26.0 , 44.0 ,  15.5 , 12.0 ,  13.0 , 3.42 , 36.0 , 4.71 ,  44.0 , 34.24 ,  55.0 , 257.18 , 25.0 , 3 , 3 , 0 , 15
1322419865569 , 5 , ACTIVE , 2251402 , Roger Federer , 1.02 , 109864.22 ,  1.01 , 104705.14 , 1.03 , 1059.81 ,  1.04 , 8584.16 ,  1.05 , 9016.26 , 1.03 , 6 , 4 , 0 , 15
1322419866570 , 5 , ACTIVE , 2444577 , Jo Wilfried Tsonga , 26.0 , 44.0 ,  15.5 , 12.0 ,  13.0 , 3.42 , 36.0 , 4.71 ,  44.0 , 34.24 ,  55.0 , 257.18 , 25.0 , 3 , 3 , 0 , 15
1322419866570 , 5 , ACTIVE , 2251402 , Roger Federer , 1.02 , 109864.22 ,  1.01 , 104705.14 , 1.03 , 1059.81 ,  1.04 , 8584.16 ,  1.05 , 9016.26 , 1.03 , 6 , 4 , 0 , 15
1322419867570 , 5 , ACTIVE , 2444577 , Jo Wilfried Tsonga , 26.0 , 44.0 ,  15.5 , 12.0 ,  13.0 , 3.42 , 36.0 , 4.71 ,  44.0 , 34.24 ,  55.0 , 257.18 , 25.0 , 3 , 3 , 0 , 15
1322419867571 , 5 , ACTIVE , 2251402 , Roger Federer , 1.02 , 109864.22 ,  1.01 , 104705.14 , 1.03 , 59.81 ,  1.04 , 18584.16 ,  1.05 , 8863.86 , 1.03 , 6 , 4 , 0 , 15
1322419868571 , 5 , ACTIVE , 2444577 , Jo Wilfried Tsonga , 26.0 , 44.0 ,  15.5 , 12.0 ,  13.0 , 3.42 , 36.0 , 4.71 ,  44.0 , 34.24 ,  55.0 , 257.18 , 25.0 , 3 , 3 , 0 , 15
1322419868572 , 5 , ACTIVE , 2251402 , Roger Federer , 1.02 , 109864.22 ,  1.01 , 104705.14 , 1.03 , 59.81 ,  1.04 , 18584.16 ,  1.05 , 8863.86 , 1.03 , 6 , 4 , 0 , 15
1322419869572 , 5 , ACTIVE , 2444577 , Jo Wilfried Tsonga , 26.0 , 44.0 ,  15.5 , 12.0 ,  13.0 , 3.42 , 36.0 , 4.71 ,  44.0 , 34.24 ,  55.0 , 257.18 , 25.0 , 3 , 3 , 0 , 15
1322419869572 , 5 , ACTIVE , 2251402 , Roger Federer , 1.02 , 109861.22 ,  1.01 , 104705.14 , 1.03 , 1094.11 ,  1.04 , 18584.16 ,  1.05 , 8863.86 , 1.03 , 6 , 4 , 0 , 15
1322419870573 , 5 , ACTIVE , 2444577 , Jo Wilfried Tsonga , 26.0 , 44.0 ,  15.5 , 12.0 ,  13.0 , 3.42 , 36.0 , 4.71 ,  44.0 , 34.24 ,  55.0 , 257.18 , 25.0 , 3 , 3 , 0 , 15
1322419870573 , 5 , ACTIVE , 2251402 , Roger Federer , 1.02 , 109861.22 ,  1.01 , 104705.14 , 1.03 , 1094.11 ,  1.04 , 18584.16 ,  1.05 , 8863.86 , 1.03 , 6 , 4 , 0 , 15
1322419871574 , 5 , ACTIVE , 2444577 , Jo Wilfried Tsonga , 26.0 , 48.28 ,  15.5 , 12.0 ,  13.0 , 3.42 , 44.0 , 34.24 ,  55.0 , 257.18 ,  80.0 , 2.0 , 36.0 , 3 , 3 , 0 , 15
1322419871574 , 5 , ACTIVE , 2251402 , Roger Federer , 1.03 , 535.0 ,  1.02 , 109861.22 ,  1.01 , 104705.14 , 1.04 , 41473.2 ,  1.05 , 8863.86 ,  1.06 , 8378.48 , 1.03 , 6 , 4 , 0 , 15
1322419872574 , 5 , ACTIVE , 2444577 , Jo Wilfried Tsonga , 26.0 , 48.28 ,  15.5 , 12.0 ,  13.0 , 3.42 , 44.0 , 34.24 ,  55.0 , 257.18 ,  80.0 , 2.0 , 36.0 , 3 , 3 , 0 , 15
1322419872575 , 5 , ACTIVE , 2251402 , Roger Federer , 1.03 , 535.0 ,  1.02 , 109861.22 ,  1.01 , 104705.14 , 1.04 , 41473.2 ,  1.05 , 8863.86 ,  1.06 , 8378.48 , 1.03 , 6 , 4 , 0 , 15
1322419873575 , 5 , ACTIVE , 2444577 , Jo Wilfried Tsonga , 38.0 , 57.46 ,  26.0 , 48.28 ,  15.5 , 12.0 , 44.0 , 34.24 ,  55.0 , 257.18 ,  80.0 , 2.0 , 36.0 , 3 , 3 , 0 , 15
1322419873575 , 5 , ACTIVE , 2251402 , Roger Federer , 1.02 , 109861.22 ,  1.01 , 104705.14 , 1.03 , 1901.89 ,  1.04 , 41554.53 ,  1.05 , 8829.62 , 1.03 , 6 , 4 , 0 , 15
1322419874576 , 5 , ACTIVE , 2444577 , Jo Wilfried Tsonga , 38.0 , 57.46 ,  26.0 , 48.28 ,  15.5 , 12.0 , 44.0 , 34.24 ,  55.0 , 257.18 ,  80.0 , 2.0 , 36.0 , 3 , 3 , 0 , 15
1322419874576 , 5 , ACTIVE , 2251402 , Roger Federer , 1.02 , 109861.22 ,  1.01 , 104705.14 , 1.03 , 1901.89 ,  1.04 , 41554.53 ,  1.05 , 8829.62 , 1.03 , 6 , 4 , 0 , 15
1322419875576 , 5 , ACTIVE , 2444577 , Jo Wilfried Tsonga , 38.0 , 57.46 ,  26.0 , 48.28 ,  15.5 , 12.0 , 44.0 , 34.24 ,  55.0 , 257.18 ,  80.0 , 2.0 , 36.0 , 3 , 3 , 0 , 15
1322419875577 , 5 , ACTIVE , 2251402 , Roger Federer , 1.02 , 109861.22 ,  1.01 , 104705.14 , 1.03 , 1901.89 ,  1.04 , 41554.53 ,  1.05 , 8829.62 , 1.03 , 6 , 4 , 0 , 15
1322419876577 , 5 , ACTIVE , 2444577 , Jo Wilfried Tsonga , 38.0 , 57.46 ,  26.0 , 48.28 ,  15.5 , 12.0 , 44.0 , 34.24 ,  55.0 , 257.18 ,  80.0 , 2.0 , 36.0 , 3 , 3 , 0 , 15
1322419876577 , 5 , ACTIVE , 2251402 , Roger Federer , 1.02 , 109861.22 ,  1.01 , 104705.14 , 1.03 , 1901.89 ,  1.04 , 41554.53 ,  1.05 , 8829.62 , 1.03 , 6 , 4 , 0 , 15
1322419877578 , 5 , ACTIVE , 2444577 , Jo Wilfried Tsonga , 38.0 , 57.46 ,  26.0 , 48.28 ,  15.5 , 12.0 , 44.0 , 34.24 ,  55.0 , 257.18 ,  80.0 , 2.0 , 36.0 , 3 , 3 , 0 , 15
1322419877578 , 5 , ACTIVE , 2251402 , Roger Federer , 1.02 , 109861.22 ,  1.01 , 104705.14 , 1.03 , 1901.89 ,  1.04 , 41554.53 ,  1.05 , 8829.62 , 1.03 , 6 , 4 , 0 , 15
1322419878578 , 5 , ACTIVE , 2444577 , Jo Wilfried Tsonga , 38.0 , 57.46 ,  26.0 , 48.28 ,  15.5 , 12.0 , 44.0 , 34.24 ,  55.0 , 257.18 ,  80.0 , 2.0 , 36.0 , 3 , 3 , 0 , 15
1322419878579 , 5 , ACTIVE , 2251402 , Roger Federer , 1.02 , 109861.22 ,  1.01 , 104705.14 , 1.03 , 1901.89 ,  1.04 , 41554.53 ,  1.05 , 8829.62 , 1.03 , 6 , 4 , 0 , 15
1322419879579 , 5 , ACTIVE , 2444577 , Jo Wilfried Tsonga , 38.0 , 57.46 ,  26.0 , 48.28 ,  15.5 , 12.0 , 44.0 , 34.24 ,  55.0 , 257.18 ,  80.0 , 2.0 , 36.0 , 3 , 3 , 0 , 15
1322419879579 , 5 , ACTIVE , 2251402 , Roger Federer , 1.02 , 109861.22 ,  1.01 , 104705.14 , 1.03 , 1901.89 ,  1.04 , 41554.53 ,  1.05 , 8829.62 , 1.03 , 6 , 4 , 0 , 15
1322419880580 , 5 , ACTIVE , 2444577 , Jo Wilfried Tsonga , 38.0 , 57.46 ,  26.0 , 48.28 ,  15.5 , 12.0 , 44.0 , 34.24 ,  55.0 , 257.18 ,  80.0 , 2.0 , 36.0 , 3 , 3 , 0 , 15
1322419880580 , 5 , ACTIVE , 2251402 , Roger Federer , 1.02 , 109861.22 ,  1.01 , 104705.14 , 1.03 , 1901.89 ,  1.04 , 41554.53 ,  1.05 , 8829.62 , 1.03 , 6 , 4 , 0 , 15
1322419881580 , 5 , ACTIVE , 2444577 , Jo Wilfried Tsonga , 38.0 , 57.46 ,  26.0 , 48.28 ,  15.5 , 12.0 , 44.0 , 34.24 ,  55.0 , 257.18 ,  80.0 , 2.0 , 36.0 , 3 , 3 , 0 , 15
1322419881580 , 5 , ACTIVE , 2251402 , Roger Federer , 1.02 , 109861.22 ,  1.01 , 104705.14 , 1.03 , 1901.89 ,  1.04 , 41554.53 ,  1.05 , 8829.62 , 1.03 , 6 , 4 , 0 , 15
1322419882581 , 5 , ACTIVE , 2444577 , Jo Wilfried Tsonga , 38.0 , 57.46 ,  26.0 , 48.28 ,  15.5 , 12.0 , 44.0 , 34.24 ,  55.0 , 257.18 ,  80.0 , 2.0 , 36.0 , 3 , 3 , 0 , 15
1322419882581 , 5 , ACTIVE , 2251402 , Roger Federer , 1.02 , 109861.22 ,  1.01 , 104705.14 , 1.03 , 1901.89 ,  1.04 , 41554.53 ,  1.05 , 8829.62 , 1.03 , 6 , 4 , 0 , 15
1322419883582 , 5 , ACTIVE , 2444577 , Jo Wilfried Tsonga , 38.0 , 57.46 ,  26.0 , 48.28 ,  15.5 , 12.0 , 44.0 , 34.24 ,  55.0 , 257.18 ,  80.0 , 2.0 , 36.0 , 3 , 3 , 0 , 15
1322419883582 , 5 , ACTIVE , 2251402 , Roger Federer , 1.02 , 109861.22 ,  1.01 , 104705.14 , 1.03 , 1901.89 ,  1.04 , 41554.53 ,  1.05 , 8829.62 , 1.03 , 6 , 4 , 0 , 15
1322419884582 , 5 , ACTIVE , 2444577 , Jo Wilfried Tsonga , 38.0 , 57.46 ,  26.0 , 48.28 ,  15.5 , 12.0 , 44.0 , 34.24 ,  55.0 , 257.18 ,  80.0 , 2.0 , 36.0 , 3 , 3 , 0 , 15
1322419884582 , 5 , ACTIVE , 2251402 , Roger Federer , 1.02 , 109861.22 ,  1.01 , 104705.14 , 1.03 , 1901.89 ,  1.04 , 41554.53 ,  1.05 , 8829.62 , 1.03 , 6 , 4 , 0 , 15
1322419885583 , 5 , ACTIVE , 2444577 , Jo Wilfried Tsonga , 38.0 , 57.46 ,  26.0 , 48.28 ,  15.5 , 12.0 , 44.0 , 34.24 ,  55.0 , 257.18 ,  80.0 , 2.0 , 36.0 , 3 , 3 , 0 , 15
1322419885583 , 5 , ACTIVE , 2251402 , Roger Federer , 1.02 , 109861.22 ,  1.01 , 104705.14 , 1.03 , 1901.89 ,  1.04 , 41554.53 ,  1.05 , 8829.62 , 1.03 , 6 , 4 , 0 , 15
1322419886583 , 5 , ACTIVE , 2444577 , Jo Wilfried Tsonga , 38.0 , 57.46 ,  26.0 , 48.28 ,  15.5 , 12.0 , 44.0 , 34.24 ,  55.0 , 257.18 ,  80.0 , 2.0 , 36.0 , 3 , 3 , 0 , 15
1322419886584 , 5 , ACTIVE , 2251402 , Roger Federer , 1.02 , 109861.22 ,  1.01 , 104705.14 , 1.03 , 1901.89 ,  1.04 , 41554.53 ,  1.05 , 8829.62 , 1.03 , 6 , 4 , 0 , 15
1322419887584 , 5 , ACTIVE , 2444577 , Jo Wilfried Tsonga , 38.0 , 57.46 ,  26.0 , 48.28 ,  15.5 , 12.0 , 44.0 , 34.24 ,  55.0 , 257.18 ,  80.0 , 2.0 , 36.0 , 3 , 3 , 0 , 15
1322419887584 , 5 , ACTIVE , 2251402 , Roger Federer , 1.02 , 109861.22 ,  1.01 , 104705.14 , 1.03 , 1901.89 ,  1.04 , 41554.53 ,  1.05 , 8829.62 , 1.03 , 6 , 4 , 0 , 15
1322419888585 , 5 , ACTIVE , 2444577 , Jo Wilfried Tsonga , 38.0 , 57.46 ,  26.0 , 48.28 ,  15.5 , 12.0 , 44.0 , 34.24 ,  55.0 , 257.18 ,  80.0 , 2.0 , 36.0 , 3 , 3 , 0 , 15
1322419888585 , 5 , ACTIVE , 2251402 , Roger Federer , 1.02 , 109861.22 ,  1.01 , 104705.14 , 1.03 , 1901.89 ,  1.04 , 41554.53 ,  1.05 , 8829.62 , 1.03 , 6 , 4 , 0 , 15
1322419889585 , 5 , ACTIVE , 2444577 , Jo Wilfried Tsonga , 38.0 , 57.46 ,  26.0 , 48.28 ,  15.5 , 12.0 , 44.0 , 34.24 ,  55.0 , 257.18 ,  80.0 , 2.0 , 36.0 , 3 , 3 , 0 , 15
1322419889586 , 5 , ACTIVE , 2251402 , Roger Federer , 1.02 , 109861.22 ,  1.01 , 104705.14 , 1.03 , 1901.89 ,  1.04 , 41554.53 ,  1.05 , 8829.62 , 1.03 , 6 , 4 , 0 , 15
1322419890586 , 5 , ACTIVE , 2444577 , Jo Wilfried Tsonga , 38.0 , 57.46 ,  26.0 , 48.28 ,  15.5 , 12.0 , 44.0 , 34.24 ,  55.0 , 257.18 ,  80.0 , 2.0 , 36.0 , 3 , 3 , 0 , 15
1322419890586 , 5 , ACTIVE , 2251402 , Roger Federer , 1.02 , 109861.22 ,  1.01 , 104705.14 , 1.03 , 1901.89 ,  1.04 , 41554.53 ,  1.05 , 8829.62 , 1.03 , 6 , 4 , 0 , 15
1322419891587 , 5 , ACTIVE , 2444577 , Jo Wilfried Tsonga , 38.0 , 57.46 ,  26.0 , 48.28 ,  15.5 , 12.0 , 44.0 , 34.24 ,  55.0 , 257.18 ,  80.0 , 2.0 , 36.0 , 3 , 3 , 0 , 15
1322419891587 , 5 , ACTIVE , 2251402 , Roger Federer , 1.02 , 109861.22 ,  1.01 , 104705.14 , 1.03 , 1901.89 ,  1.04 , 41554.53 ,  1.05 , 8829.62 , 1.03 , 6 , 4 , 0 , 15
1322419892587 , 5 , ACTIVE , 2444577 , Jo Wilfried Tsonga , 38.0 , 57.46 ,  26.0 , 48.28 ,  15.5 , 12.0 , 44.0 , 34.24 ,  55.0 , 257.18 ,  80.0 , 2.0 , 36.0 , 3 , 3 , 0 , 15
1322419892588 , 5 , ACTIVE , 2251402 , Roger Federer , 1.02 , 109861.22 ,  1.01 , 104705.14 , 1.03 , 1901.89 ,  1.04 , 41554.53 ,  1.05 , 8829.62 , 1.03 , 6 , 4 , 0 , 15
1322419893588 , 5 , ACTIVE , 2444577 , Jo Wilfried Tsonga , 38.0 , 57.46 ,  26.0 , 48.28 ,  15.5 , 12.0 , 44.0 , 34.24 ,  55.0 , 257.18 ,  80.0 , 2.0 , 36.0 , 3 , 3 , 0 , 15
1322419893588 , 5 , ACTIVE , 2251402 , Roger Federer , 1.02 , 109861.22 ,  1.01 , 104705.14 , 1.03 , 1901.89 ,  1.04 , 41554.53 ,  1.05 , 8829.62 , 1.03 , 6 , 4 , 0 , 15
1322419894589 , 5 , ACTIVE , 2444577 , Jo Wilfried Tsonga , 38.0 , 57.46 ,  26.0 , 48.28 ,  15.5 , 12.0 , 44.0 , 34.24 ,  55.0 , 257.18 ,  80.0 , 2.0 , 36.0 , 3 , 3 , 0 , 15
1322419894589 , 5 , ACTIVE , 2251402 , Roger Federer , 1.02 , 109861.22 ,  1.01 , 104705.14 , 1.03 , 1901.89 ,  1.04 , 41554.53 ,  1.05 , 8829.62 , 1.03 , 6 , 4 , 0 , 15
1322419895589 , 5 , ACTIVE , 2444577 , Jo Wilfried Tsonga , 38.0 , 57.46 ,  26.0 , 48.28 ,  15.5 , 12.0 , 44.0 , 34.24 ,  55.0 , 257.18 ,  80.0 , 2.0 , 36.0 , 3 , 3 , 0 , 15
1322419895590 , 5 , ACTIVE , 2251402 , Roger Federer , 1.02 , 109861.22 ,  1.01 , 104705.14 , 1.03 , 1901.89 ,  1.04 , 41554.53 ,  1.05 , 8829.62 , 1.03 , 6 , 4 , 0 , 15
1322419896590 , 5 , ACTIVE , 2444577 , Jo Wilfried Tsonga , 38.0 , 57.46 ,  26.0 , 48.28 ,  15.5 , 12.0 , 44.0 , 34.24 ,  55.0 , 257.18 ,  80.0 , 2.0 , 36.0 , 3 , 3 , 0 , 15
1322419896590 , 5 , ACTIVE , 2251402 , Roger Federer , 1.02 , 109861.22 ,  1.01 , 104705.14 , 1.03 , 1901.89 ,  1.04 , 41554.53 ,  1.05 , 8829.62 , 1.03 , 6 , 4 , 0 , 15
1322419897591 , 5 , ACTIVE , 2444577 , Jo Wilfried Tsonga , 38.0 , 57.46 ,  26.0 , 48.28 ,  15.5 , 12.0 , 44.0 , 34.24 ,  55.0 , 257.18 ,  80.0 , 2.0 , 36.0 , 3 , 3 , 0 , 15
1322419897591 , 5 , ACTIVE , 2251402 , Roger Federer , 1.02 , 109861.22 ,  1.01 , 104705.14 , 1.03 , 1901.89 ,  1.04 , 41554.53 ,  1.05 , 8829.62 , 1.03 , 6 , 4 , 0 , 15
1322419898591 , 5 , ACTIVE , 2444577 , Jo Wilfried Tsonga , 38.0 , 57.46 ,  26.0 , 48.28 ,  15.5 , 12.0 , 44.0 , 34.24 ,  55.0 , 257.18 ,  80.0 , 2.0 , 36.0 , 3 , 3 , 0 , 15
1322419898591 , 5 , ACTIVE , 2251402 , Roger Federer , 1.02 , 109861.22 ,  1.01 , 104705.14 , 1.03 , 1901.89 ,  1.04 , 41554.53 ,  1.05 , 8829.62 , 1.03 , 6 , 4 , 0 , 15
1322419899592 , 5 , ACTIVE , 2444577 , Jo Wilfried Tsonga , 38.0 , 57.46 ,  26.0 , 48.28 ,  15.5 , 12.0 , 44.0 , 34.24 ,  55.0 , 257.18 ,  80.0 , 2.0 , 36.0 , 3 , 3 , 0 , 15
1322419899592 , 5 , ACTIVE , 2251402 , Roger Federer , 1.02 , 109861.22 ,  1.01 , 104705.14 , 1.03 , 1901.89 ,  1.04 , 41554.53 ,  1.05 , 8829.62 , 1.03 , 6 , 4 , 0 , 15
1322419900592 , 5 , ACTIVE , 2444577 , Jo Wilfried Tsonga , 38.0 , 57.46 ,  26.0 , 48.28 ,  15.5 , 12.0 , 44.0 , 34.24 ,  55.0 , 257.18 ,  80.0 , 2.0 , 36.0 , 3 , 3 , 0 , 15
1322419900593 , 5 , ACTIVE , 2251402 , Roger Federer , 1.02 , 109861.22 ,  1.01 , 104705.14 , 1.03 , 1901.89 ,  1.04 , 41554.53 ,  1.05 , 8829.62 , 1.03 , 6 , 4 , 0 , 15
1322419901593 , 5 , ACTIVE , 2444577 , Jo Wilfried Tsonga , 38.0 , 57.46 ,  26.0 , 48.28 ,  15.5 , 12.0 , 44.0 , 34.24 ,  55.0 , 257.18 ,  80.0 , 2.0 , 36.0 , 3 , 3 , 0 , 15
1322419901593 , 5 , ACTIVE , 2251402 , Roger Federer , 1.02 , 109861.22 ,  1.01 , 104705.14 , 1.03 , 1901.89 ,  1.04 , 41554.53 ,  1.05 , 8829.62 , 1.03 , 6 , 4 , 0 , 15
1322419902594 , 5 , ACTIVE , 2444577 , Jo Wilfried Tsonga , 38.0 , 57.46 ,  26.0 , 48.28 ,  15.5 , 12.0 , 44.0 , 34.24 ,  55.0 , 257.18 ,  80.0 , 2.0 , 36.0 , 3 , 3 , 0 , 15
1322419902594 , 5 , ACTIVE , 2251402 , Roger Federer , 1.02 , 109861.22 ,  1.01 , 104705.14 , 1.03 , 1901.89 ,  1.04 , 41554.53 ,  1.05 , 8829.62 , 1.03 , 6 , 4 , 0 , 15
1322419903594 , 5 , ACTIVE , 2444577 , Jo Wilfried Tsonga , 38.0 , 57.46 ,  26.0 , 48.28 ,  15.5 , 12.0 , 44.0 , 34.24 ,  55.0 , 257.18 ,  80.0 , 2.0 , 36.0 , 3 , 3 , 0 , 15
1322419903594 , 5 , ACTIVE , 2251402 , Roger Federer , 1.02 , 109861.22 ,  1.01 , 104705.14 , 1.03 , 1901.89 ,  1.04 , 41554.53 ,  1.05 , 8829.62 , 1.03 , 6 , 4 , 0 , 15
1322419904595 , 5 , ACTIVE , 2444577 , Jo Wilfried Tsonga , 38.0 , 57.46 ,  26.0 , 48.28 ,  15.5 , 12.0 , 44.0 , 34.24 ,  55.0 , 257.18 ,  80.0 , 2.0 , 36.0 , 3 , 3 , 0 , 15
1322419904595 , 5 , ACTIVE , 2251402 , Roger Federer , 1.02 , 109861.22 ,  1.01 , 104705.14 , 1.03 , 1901.89 ,  1.04 , 41554.53 ,  1.05 , 8829.62 , 1.03 , 6 , 4 , 0 , 15
1322419905596 , 5 , ACTIVE , 2444577 , Jo Wilfried Tsonga , 38.0 , 57.46 ,  26.0 , 48.28 ,  15.5 , 12.0 , 44.0 , 34.24 ,  55.0 , 257.18 ,  80.0 , 2.0 , 36.0 , 3 , 3 , 0 , 15
1322419905596 , 5 , ACTIVE , 2251402 , Roger Federer , 1.02 , 109861.22 ,  1.01 , 104705.14 , 1.03 , 1901.89 ,  1.04 , 41554.53 ,  1.05 , 8829.62 , 1.03 , 6 , 4 , 0 , 15
1322419906596 , 5 , ACTIVE , 2444577 , Jo Wilfried Tsonga , 38.0 , 57.46 ,  26.0 , 48.28 ,  15.5 , 12.0 , 44.0 , 34.24 ,  55.0 , 257.18 ,  80.0 , 2.0 , 36.0 , 3 , 3 , 0 , 15
1322419906596 , 5 , ACTIVE , 2251402 , Roger Federer , 1.02 , 109861.22 ,  1.01 , 104705.14 , 1.03 , 1901.89 ,  1.04 , 41554.53 ,  1.05 , 8829.62 , 1.03 , 6 , 4 , 0 , 15
1322419907597 , 5 , ACTIVE , 2444577 , Jo Wilfried Tsonga , 38.0 , 57.46 ,  26.0 , 48.28 ,  15.5 , 12.0 , 44.0 , 34.24 ,  55.0 , 257.18 ,  80.0 , 2.0 , 36.0 , 3 , 3 , 0 , 15
1322419907597 , 5 , ACTIVE , 2251402 , Roger Federer , 1.02 , 109861.22 ,  1.01 , 104705.14 , 1.03 , 1901.89 ,  1.04 , 41554.53 ,  1.05 , 8829.62 , 1.03 , 6 , 4 , 0 , 30
1322419908598 , 5 , ACTIVE , 2444577 , Jo Wilfried Tsonga , 38.0 , 57.46 ,  26.0 , 48.28 ,  15.5 , 12.0 , 44.0 , 34.24 ,  55.0 , 257.18 ,  80.0 , 2.0 , 36.0 , 3 , 3 , 0 , 15
1322419908598 , 5 , ACTIVE , 2251402 , Roger Federer , 1.02 , 109861.22 ,  1.01 , 104705.14 , 1.03 , 1901.89 ,  1.04 , 41554.53 ,  1.05 , 8829.62 , 1.03 , 6 , 4 , 0 , 30
1322419909598 , 5 , ACTIVE , 2444577 , Jo Wilfried Tsonga , 38.0 , 57.46 ,  26.0 , 48.28 ,  15.5 , 12.0 , 44.0 , 34.24 ,  55.0 , 257.18 ,  80.0 , 2.0 , 36.0 , 3 , 3 , 0 , 15
1322419909598 , 5 , ACTIVE , 2251402 , Roger Federer , 1.02 , 109861.22 ,  1.01 , 104705.14 , 1.03 , 1901.89 ,  1.04 , 41554.53 ,  1.05 , 8829.62 , 1.03 , 6 , 4 , 0 , 30
1322419910599 , 5 , ACTIVE , 2444577 , Jo Wilfried Tsonga , 38.0 , 57.46 ,  26.0 , 48.28 ,  15.5 , 12.0 , 44.0 , 34.24 ,  55.0 , 257.18 ,  80.0 , 2.0 , 36.0 , 3 , 3 , 0 , 15
1322419910599 , 5 , ACTIVE , 2251402 , Roger Federer , 1.02 , 109861.22 ,  1.01 , 104705.14 , 1.03 , 1901.89 ,  1.04 , 41554.53 ,  1.05 , 8829.62 , 1.03 , 6 , 4 , 0 , 30
1322419911599 , 5 , ACTIVE , 2444577 , Jo Wilfried Tsonga , 38.0 , 57.46 ,  26.0 , 48.28 ,  15.5 , 12.0 , 44.0 , 34.24 ,  55.0 , 257.18 ,  80.0 , 2.0 , 36.0 , 3 , 3 , 0 , 15
1322419911600 , 5 , ACTIVE , 2251402 , Roger Federer , 1.02 , 109861.22 ,  1.01 , 104705.14 , 1.03 , 1901.89 ,  1.04 , 41554.53 ,  1.05 , 8829.62 , 1.03 , 6 , 4 , 0 , 30
1322419912600 , 5 , ACTIVE , 2444577 , Jo Wilfried Tsonga , 38.0 , 57.46 ,  26.0 , 48.28 ,  15.5 , 12.0 , 44.0 , 34.24 ,  55.0 , 257.18 ,  80.0 , 2.0 , 36.0 , 3 , 3 , 0 , 15
1322419912600 , 5 , ACTIVE , 2251402 , Roger Federer , 1.02 , 109861.22 ,  1.01 , 104705.14 , 1.03 , 1901.89 ,  1.04 , 41554.53 ,  1.05 , 8829.62 , 1.03 , 6 , 4 , 0 , 30
1322419913601 , 5 , ACTIVE , 2444577 , Jo Wilfried Tsonga , 38.0 , 57.46 ,  26.0 , 48.28 ,  15.5 , 12.0 , 44.0 , 34.24 ,  55.0 , 257.18 ,  80.0 , 2.0 , 36.0 , 3 , 3 , 0 , 15
1322419913601 , 5 , ACTIVE , 2251402 , Roger Federer , 1.02 , 109861.22 ,  1.01 , 104705.14 , 1.03 , 1901.89 ,  1.04 , 41554.53 ,  1.05 , 8829.62 , 1.03 , 6 , 4 , 0 , 30
1322419914601 , 5 , ACTIVE , 2444577 , Jo Wilfried Tsonga , 38.0 , 57.46 ,  26.0 , 48.28 ,  15.5 , 12.0 , 44.0 , 34.24 ,  55.0 , 257.18 ,  80.0 , 2.0 , 36.0 , 3 , 3 , 0 , 15
1322419914601 , 5 , ACTIVE , 2251402 , Roger Federer , 1.02 , 109861.22 ,  1.01 , 104705.14 , 1.03 , 1901.89 ,  1.04 , 41554.53 ,  1.05 , 8829.62 , 1.03 , 6 , 4 , 0 , 30
1322419915602 , 5 , ACTIVE , 2444577 , Jo Wilfried Tsonga , 38.0 , 57.46 ,  26.0 , 48.28 ,  15.5 , 12.0 , 44.0 , 34.24 ,  55.0 , 257.18 ,  80.0 , 2.0 , 36.0 , 3 , 3 , 0 , 15
1322419915602 , 5 , ACTIVE , 2251402 , Roger Federer , 1.02 , 109861.22 ,  1.01 , 104705.14 , 1.03 , 1901.89 ,  1.04 , 41554.53 ,  1.05 , 8829.62 , 1.03 , 6 , 4 , 0 , 30
1322419916602 , 5 , ACTIVE , 2444577 , Jo Wilfried Tsonga , 38.0 , 57.46 ,  26.0 , 48.28 ,  15.5 , 12.0 , 44.0 , 34.24 ,  55.0 , 257.18 ,  80.0 , 2.0 , 36.0 , 3 , 3 , 0 , 15
1322419916603 , 5 , ACTIVE , 2251402 , Roger Federer , 1.02 , 109861.22 ,  1.01 , 104705.14 , 1.03 , 1901.89 ,  1.04 , 41554.53 ,  1.05 , 8829.62 , 1.03 , 6 , 4 , 0 , 30
1322419917603 , 5 , ACTIVE , 2444577 , Jo Wilfried Tsonga , 38.0 , 57.46 ,  26.0 , 48.28 ,  15.5 , 12.0 , 44.0 , 34.24 ,  55.0 , 257.18 ,  80.0 , 2.0 , 36.0 , 3 , 3 , 0 , 15
1322419917603 , 5 , ACTIVE , 2251402 , Roger Federer , 1.02 , 109861.22 ,  1.01 , 104705.14 , 1.03 , 1901.89 ,  1.04 , 41554.53 ,  1.05 , 8829.62 , 1.03 , 6 , 4 , 0 , 30
1322419918604 , 5 , ACTIVE , 2444577 , Jo Wilfried Tsonga , 38.0 , 57.46 ,  26.0 , 48.28 ,  15.5 , 12.0 , 44.0 , 34.24 ,  55.0 , 257.18 ,  80.0 , 2.0 , 36.0 , 3 , 3 , 0 , 15
1322419918604 , 5 , ACTIVE , 2251402 , Roger Federer , 1.02 , 109861.22 ,  1.01 , 104705.14 , 1.03 , 1901.89 ,  1.04 , 41554.53 ,  1.05 , 8829.62 , 1.03 , 6 , 4 , 0 , 30
1322419919604 , 5 , ACTIVE , 2444577 , Jo Wilfried Tsonga , 38.0 , 57.46 ,  26.0 , 48.28 ,  15.5 , 12.0 , 44.0 , 34.24 ,  55.0 , 257.18 ,  80.0 , 2.0 , 36.0 , 3 , 3 , 0 , 15
1322419919604 , 5 , ACTIVE , 2251402 , Roger Federer , 1.02 , 109861.22 ,  1.01 , 104705.14 , 1.03 , 1901.89 ,  1.04 , 41554.53 ,  1.05 , 8829.62 , 1.03 , 6 , 4 , 0 , 30
1322419920605 , 5 , ACTIVE , 2444577 , Jo Wilfried Tsonga , 38.0 , 57.46 ,  26.0 , 48.28 ,  15.5 , 12.0 , 44.0 , 34.24 ,  55.0 , 257.18 ,  80.0 , 2.0 , 36.0 , 3 , 3 , 0 , 15
1322419920652 , 5 , ACTIVE , 2251402 , Roger Federer , 1.02 , 109861.22 ,  1.01 , 104705.14 , 1.03 , 1901.89 ,  1.04 , 41554.53 ,  1.05 , 8829.62 , 1.03 , 6 , 4 , 0 , 40
1322419921652 , 5 , ACTIVE , 2444577 , Jo Wilfried Tsonga , 38.0 , 57.46 ,  26.0 , 48.28 ,  15.5 , 12.0 , 44.0 , 34.24 ,  55.0 , 257.18 ,  80.0 , 2.0 , 36.0 , 3 , 3 , 0 , 15
1322419921653 , 5 , ACTIVE , 2251402 , Roger Federer , 1.02 , 109861.22 ,  1.01 , 104705.14 , 1.03 , 1901.89 ,  1.04 , 41554.53 ,  1.05 , 8829.62 , 1.03 , 6 , 4 , 0 , 40
1322419922653 , 5 , ACTIVE , 2444577 , Jo Wilfried Tsonga , 38.0 , 57.46 ,  26.0 , 48.28 ,  15.5 , 12.0 , 44.0 , 34.24 ,  55.0 , 257.18 ,  80.0 , 2.0 , 36.0 , 3 , 3 , 0 , 15
1322419922653 , 5 , ACTIVE , 2251402 , Roger Federer , 1.02 , 109861.22 ,  1.01 , 104705.14 , 1.03 , 1901.89 ,  1.04 , 41554.53 ,  1.05 , 8829.62 , 1.03 , 6 , 4 , 0 , 40
1322419923654 , 5 , ACTIVE , 2444577 , Jo Wilfried Tsonga , 38.0 , 57.46 ,  26.0 , 48.28 ,  15.5 , 12.0 , 44.0 , 34.24 ,  55.0 , 257.18 ,  80.0 , 2.0 , 36.0 , 3 , 3 , 0 , 15
1322419923654 , 5 , ACTIVE , 2251402 , Roger Federer , 1.02 , 109861.22 ,  1.01 , 104705.14 , 1.03 , 1901.89 ,  1.04 , 41554.53 ,  1.05 , 8829.62 , 1.03 , 6 , 4 , 0 , 40
1322419924654 , 5 , ACTIVE , 2444577 , Jo Wilfried Tsonga , 38.0 , 57.46 ,  26.0 , 48.28 ,  15.5 , 12.0 , 44.0 , 34.24 ,  55.0 , 257.18 ,  80.0 , 2.0 , 36.0 , 3 , 3 , 0 , 15
1322419924655 , 5 , ACTIVE , 2251402 , Roger Federer , 1.02 , 109861.22 ,  1.01 , 104705.14 , 1.03 , 1901.89 ,  1.04 , 41554.53 ,  1.05 , 8829.62 , 1.03 , 6 , 4 , 0 , 40
1322419925655 , 5 , ACTIVE , 2444577 , Jo Wilfried Tsonga , 34.0 , 76.74 ,  29.0 , 15.0 ,  15.5 , 12.0 , 36.0 , 97.54 ,  38.0 , 19.0 ,  40.0 , 37.67 , 36.0 , 3 , 3 , 0 , 15
1322419925655 , 5 , ACTIVE , 2251402 , Roger Federer , 1.02 , 3701.13 ,  1.01 , 107155.98 , 1.03 , 87699.87 ,  1.04 , 9679.81 ,  1.05 , 10518.12 , 1.02 , 6 , 4 , 0 , 40
1322419926655 , 5 , ACTIVE , 2444577 , Jo Wilfried Tsonga , 34.0 , 76.74 ,  29.0 , 15.0 ,  15.5 , 12.0 , 36.0 , 97.54 ,  38.0 , 19.0 ,  40.0 , 37.67 , 36.0 , 3 , 3 , 0 , 15
1322419926656 , 5 , ACTIVE , 2251402 , Roger Federer , 1.02 , 3701.13 ,  1.01 , 107155.98 , 1.03 , 87699.87 ,  1.04 , 9679.81 ,  1.05 , 10518.12 , 1.02 , 6 , 4 , 0 , 40
1322419927656 , 5 , ACTIVE , 2444577 , Jo Wilfried Tsonga , 34.0 , 76.74 ,  29.0 , 15.0 ,  15.5 , 12.0 , 36.0 , 97.54 ,  38.0 , 19.0 ,  40.0 , 37.67 , 36.0 , 3 , 3 , 0 , 15
1322419927656 , 5 , ACTIVE , 2251402 , Roger Federer , 1.02 , 3701.13 ,  1.01 , 107155.98 , 1.03 , 87699.87 ,  1.04 , 9679.81 ,  1.05 , 10518.12 , 1.02 , 6 , 4 , 0 , 40
1322419928657 , 5 , ACTIVE , 2444577 , Jo Wilfried Tsonga , 34.0 , 76.74 ,  29.0 , 15.0 ,  15.5 , 12.0 , 38.0 , 16.32 ,  40.0 , 37.67 ,  42.0 , 5.13 , 38.0 , 3 , 3 , 0 , 15
1322419928657 , 5 , ACTIVE , 2251402 , Roger Federer , 1.02 , 1900.03 ,  1.01 , 105268.91 , 1.03 , 87698.16 ,  1.04 , 9525.2 ,  1.05 , 10306.64 , 1.02 , 6 , 4 , 0 , 40
1322419929657 , 5 , ACTIVE , 2444577 , Jo Wilfried Tsonga , 34.0 , 76.74 ,  29.0 , 15.0 ,  15.5 , 12.0 , 38.0 , 16.32 ,  40.0 , 37.67 ,  42.0 , 5.13 , 38.0 , 3 , 3 , 0 , 15
1322419929657 , 5 , ACTIVE , 2251402 , Roger Federer , 1.02 , 1900.03 ,  1.01 , 105268.91 , 1.03 , 87698.16 ,  1.04 , 9525.2 ,  1.05 , 10306.64 , 1.02 , 6 , 4 , 0 , 40
1322419930658 , 5 , ACTIVE , 2444577 , Jo Wilfried Tsonga , 36.0 , 96.1 ,  34.0 , 76.74 ,  29.0 , 15.0 , 38.0 , 4.0 ,  40.0 , 112.48 ,  42.0 , 18.71 , 36.0 , 3 , 3 , 0 , 15
1322419930658 , 5 , ACTIVE , 2251402 , Roger Federer , 1.02 , 1529.15 ,  1.01 , 105268.91 , 1.03 , 87499.14 ,  1.04 , 9525.2 ,  1.05 , 10306.64 , 1.02 , 6 , 4 , 0 , 40
1322419931658 , 5 , ACTIVE , 2444577 , Jo Wilfried Tsonga , 36.0 , 96.1 ,  34.0 , 76.74 ,  29.0 , 15.0 , 38.0 , 4.0 ,  40.0 , 112.48 ,  42.0 , 18.71 , 36.0 , 3 , 3 , 0 , 15
1322419931658 , 5 , ACTIVE , 2251402 , Roger Federer , 1.02 , 1529.15 ,  1.01 , 105268.91 , 1.03 , 87499.14 ,  1.04 , 9525.2 ,  1.05 , 10306.64 , 1.02 , 6 , 4 , 0 , 40
1322419932659 , 5 , ACTIVE , 2444577 , Jo Wilfried Tsonga , 34.0 , 74.74 ,  29.0 , 15.0 ,  15.5 , 12.0 , 40.0 , 111.88 ,  42.0 , 18.71 ,  44.0 , 9.32 , 40.0 , 3 , 3 , 0 , 15
1322419932659 , 5 , ACTIVE , 2251402 , Roger Federer , 1.02 , 39.0 ,  1.01 , 105272.37 , 1.03 , 87494.86 ,  1.04 , 9525.2 ,  1.05 , 10306.64 , 1.02 , 6 , 4 , 0 , 40
1322419933659 , 5 , ACTIVE , 2444577 , Jo Wilfried Tsonga , 34.0 , 74.74 ,  29.0 , 15.0 ,  15.5 , 12.0 , 40.0 , 111.88 ,  42.0 , 18.71 ,  44.0 , 9.32 , 40.0 , 3 , 3 , 0 , 15
1322419933659 , 5 , ACTIVE , 2251402 , Roger Federer , 1.02 , 39.0 ,  1.01 , 105272.37 , 1.03 , 87494.86 ,  1.04 , 9525.2 ,  1.05 , 10306.64 , 1.02 , 6 , 4 , 0 , 40
1322419934660 , 5 , ACTIVE , 2444577 , Jo Wilfried Tsonga , 36.0 , 6.17 ,  34.0 , 74.74 ,  29.0 , 15.0 , 40.0 , 52.19 ,  42.0 , 18.71 ,  44.0 , 9.32 , 40.0 , 3 , 3 , 0 , 15
1322419934660 , 5 , ACTIVE , 2251402 , Roger Federer , 1.02 , 85.61 ,  1.01 , 105272.37 , 1.03 , 52113.57 ,  1.04 , 9522.63 ,  1.05 , 9787.64 , 1.02 , 6 , 4 , 0 , 40
1322419935660 , 5 , ACTIVE , 2444577 , Jo Wilfried Tsonga , 36.0 , 6.17 ,  34.0 , 74.74 ,  29.0 , 15.0 , 40.0 , 52.19 ,  42.0 , 18.71 ,  44.0 , 9.32 , 40.0 , 3 , 3 , 0 , 15
1322419935660 , 5 , ACTIVE , 2251402 , Roger Federer , 1.02 , 85.61 ,  1.01 , 105272.37 , 1.03 , 52113.57 ,  1.04 , 9522.63 ,  1.05 , 9787.64 , 1.02 , 6 , 4 , 0 , 40
1322419936661 , 5 , ACTIVE , 2444577 , Jo Wilfried Tsonga , 36.0 , 6.17 ,  34.0 , 74.74 ,  29.0 , 15.0 , 40.0 , 52.19 ,  42.0 , 18.71 ,  44.0 , 9.32 , 40.0 , 3 , 3 , 0 , 15
1322419936661 , 5 , ACTIVE , 2251402 , Roger Federer , 1.02 , 85.61 ,  1.01 , 105272.37 , 1.03 , 52113.57 ,  1.04 , 9522.63 ,  1.05 , 9787.64 , 1.02 , 6 , 4 , 0 , 40
1322419937661 , 5 , ACTIVE , 2444577 , Jo Wilfried Tsonga , 36.0 , 6.17 ,  34.0 , 74.74 ,  29.0 , 15.0 , 40.0 , 52.19 ,  42.0 , 18.71 ,  44.0 , 9.32 , 40.0 , 3 , 3 , 0 , 15
1322419937661 , 5 , ACTIVE , 2251402 , Roger Federer , 1.02 , 85.61 ,  1.01 , 105272.37 , 1.03 , 52113.57 ,  1.04 , 9522.63 ,  1.05 , 9787.64 , 1.02 , 6 , 4 , 0 , 40
1322419938662 , 5 , ACTIVE , 2444577 , Jo Wilfried Tsonga , 36.0 , 6.17 ,  34.0 , 74.74 ,  29.0 , 15.0 , 40.0 , 52.19 ,  42.0 , 18.71 ,  44.0 , 9.32 , 40.0 , 3 , 3 , 0 , 15
1322419938662 , 5 , ACTIVE , 2251402 , Roger Federer , 1.02 , 85.61 ,  1.01 , 105272.37 , 1.03 , 52113.57 ,  1.04 , 9522.63 ,  1.05 , 9787.64 , 1.02 , 6 , 4 , 0 , 40
1322419939662 , 5 , ACTIVE , 2444577 , Jo Wilfried Tsonga , 36.0 , 6.17 ,  34.0 , 74.74 ,  29.0 , 15.0 , 40.0 , 52.19 ,  42.0 , 18.71 ,  44.0 , 9.32 , 40.0 , 3 , 3 , 0 , 15
1322419939662 , 5 , ACTIVE , 2251402 , Roger Federer , 1.02 , 85.61 ,  1.01 , 105272.37 , 1.03 , 52113.57 ,  1.04 , 9522.63 ,  1.05 , 9787.64 , 1.02 , 6 , 4 , 0 , 40
1322419940663 , 5 , ACTIVE , 2444577 , Jo Wilfried Tsonga , 36.0 , 6.17 ,  34.0 , 74.74 ,  29.0 , 15.0 , 40.0 , 52.19 ,  42.0 , 18.71 ,  44.0 , 9.32 , 40.0 , 3 , 3 , 0 , 15
1322419940663 , 5 , ACTIVE , 2251402 , Roger Federer , 1.02 , 85.61 ,  1.01 , 105272.37 , 1.03 , 52113.57 ,  1.04 , 9522.63 ,  1.05 , 9787.64 , 1.02 , 6 , 4 , 0 , 40
1322419941663 , 5 , ACTIVE , 2444577 , Jo Wilfried Tsonga , 36.0 , 6.17 ,  34.0 , 74.74 ,  29.0 , 15.0 , 40.0 , 52.19 ,  42.0 , 18.71 ,  44.0 , 9.32 , 40.0 , 3 , 3 , 0 , 15
1322419941664 , 5 , ACTIVE , 2251402 , Roger Federer , 1.02 , 85.61 ,  1.01 , 105272.37 , 1.03 , 52113.57 ,  1.04 , 9522.63 ,  1.05 , 9787.64 , 1.02 , 6 , 4 , 0 , 40
1322419942664 , 5 , ACTIVE , 2444577 , Jo Wilfried Tsonga , 36.0 , 6.17 ,  34.0 , 74.74 ,  29.0 , 15.0 , 40.0 , 52.19 ,  42.0 , 18.71 ,  44.0 , 9.32 , 40.0 , 3 , 3 , 0 , 15
1322419942664 , 5 , ACTIVE , 2251402 , Roger Federer , 1.02 , 85.61 ,  1.01 , 105272.37 , 1.03 , 52113.57 ,  1.04 , 9522.63 ,  1.05 , 9787.64 , 1.02 , 6 , 4 , 0 , 40
1322419943664 , 5 , ACTIVE , 2444577 , Jo Wilfried Tsonga , 36.0 , 6.17 ,  34.0 , 74.74 ,  29.0 , 15.0 , 40.0 , 52.19 ,  42.0 , 18.71 ,  44.0 , 9.32 , 40.0 , 3 , 3 , 0 , 15
1322419943665 , 5 , ACTIVE , 2251402 , Roger Federer , 1.02 , 85.61 ,  1.01 , 105272.37 , 1.03 , 52113.57 ,  1.04 , 9522.63 ,  1.05 , 9787.64 , 1.02 , 6 , 4 , 0 , 40
1322419944665 , 5 , ACTIVE , 2444577 , Jo Wilfried Tsonga , 36.0 , 6.17 ,  34.0 , 74.74 ,  29.0 , 15.0 , 40.0 , 52.19 ,  42.0 , 18.71 ,  44.0 , 9.32 , 40.0 , 3 , 3 , 0 , 15
1322419944665 , 5 , ACTIVE , 2251402 , Roger Federer , 1.02 , 85.61 ,  1.01 , 105272.37 , 1.03 , 52113.57 ,  1.04 , 9522.63 ,  1.05 , 9787.64 , 1.02 , 6 , 4 , 0 , 40
1322419945665 , 5 , ACTIVE , 2444577 , Jo Wilfried Tsonga , 36.0 , 6.17 ,  34.0 , 74.74 ,  29.0 , 15.0 , 40.0 , 52.19 ,  42.0 , 18.71 ,  44.0 , 9.32 , 40.0 , 3 , 3 , 0 , 15
1322419945665 , 5 , ACTIVE , 2251402 , Roger Federer , 1.02 , 85.61 ,  1.01 , 105272.37 , 1.03 , 52113.57 ,  1.04 , 9522.63 ,  1.05 , 9787.64 , 1.02 , 6 , 4 , 0 , 40
1322419946666 , 5 , ACTIVE , 2444577 , Jo Wilfried Tsonga , 36.0 , 6.17 ,  34.0 , 74.74 ,  29.0 , 15.0 , 40.0 , 52.19 ,  42.0 , 18.71 ,  44.0 , 9.32 , 40.0 , 3 , 3 , 0 , 15
1322419946666 , 5 , ACTIVE , 2251402 , Roger Federer , 1.02 , 85.61 ,  1.01 , 105272.37 , 1.03 , 52113.57 ,  1.04 , 9522.63 ,  1.05 , 9787.64 , 1.02 , 6 , 4 , 0 , 40
1322419947666 , 5 , ACTIVE , 2444577 , Jo Wilfried Tsonga , 36.0 , 6.17 ,  34.0 , 74.74 ,  29.0 , 15.0 , 40.0 , 52.19 ,  42.0 , 18.71 ,  44.0 , 9.32 , 40.0 , 3 , 3 , 0 , 0
1322419947666 , 5 , ACTIVE , 2251402 , Roger Federer , 1.02 , 85.61 ,  1.01 , 105272.37 , 1.03 , 52113.57 ,  1.04 , 9522.63 ,  1.05 , 9787.64 , 1.02 , 6 , 5 , 0 , 0
1322419948666 , 5 , ACTIVE , 2444577 , Jo Wilfried Tsonga , 36.0 , 6.17 ,  34.0 , 74.74 ,  29.0 , 15.0 , 40.0 , 52.19 ,  42.0 , 18.71 ,  44.0 , 9.32 , 40.0 , 3 , 3 , 0 , 0
1322419948666 , 5 , ACTIVE , 2251402 , Roger Federer , 1.02 , 85.61 ,  1.01 , 105272.37 , 1.03 , 52113.57 ,  1.04 , 9522.63 ,  1.05 , 9787.64 , 1.02 , 6 , 5 , 0 , 0
1322419949667 , 5 , ACTIVE , 2444577 , Jo Wilfried Tsonga , 36.0 , 6.17 ,  34.0 , 74.74 ,  29.0 , 15.0 , 40.0 , 52.19 ,  42.0 , 18.71 ,  44.0 , 9.32 , 40.0 , 3 , 3 , 0 , 0
1322419949667 , 5 , ACTIVE , 2251402 , Roger Federer , 1.02 , 85.61 ,  1.01 , 105272.37 , 1.03 , 52113.57 ,  1.04 , 9522.63 ,  1.05 , 9787.64 , 1.02 , 6 , 5 , 0 , 0
1322419950667 , 5 , ACTIVE , 2444577 , Jo Wilfried Tsonga , 36.0 , 6.17 ,  34.0 , 74.74 ,  29.0 , 15.0 , 40.0 , 52.19 ,  42.0 , 18.71 ,  44.0 , 9.32 , 40.0 , 3 , 3 , 0 , 0
1322419950667 , 5 , ACTIVE , 2251402 , Roger Federer , 1.02 , 85.61 ,  1.01 , 105272.37 , 1.03 , 52113.57 ,  1.04 , 9522.63 ,  1.05 , 9787.64 , 1.02 , 6 , 5 , 0 , 0
1322419951668 , 5 , ACTIVE , 2444577 , Jo Wilfried Tsonga , 36.0 , 6.17 ,  34.0 , 74.74 ,  29.0 , 15.0 , 40.0 , 52.19 ,  42.0 , 18.71 ,  44.0 , 9.32 , 40.0 , 3 , 3 , 0 , 0
1322419951668 , 5 , ACTIVE , 2251402 , Roger Federer , 1.02 , 85.61 ,  1.01 , 105272.37 , 1.03 , 52113.57 ,  1.04 , 9522.63 ,  1.05 , 9787.64 , 1.02 , 6 , 5 , 0 , 0
1322419952668 , 5 , ACTIVE , 2444577 , Jo Wilfried Tsonga , 36.0 , 6.17 ,  34.0 , 74.74 ,  29.0 , 15.0 , 40.0 , 52.19 ,  42.0 , 18.71 ,  44.0 , 9.32 , 40.0 , 3 , 3 , 0 , 0
1322419952668 , 5 , ACTIVE , 2251402 , Roger Federer , 1.02 , 85.61 ,  1.01 , 105272.37 , 1.03 , 52113.57 ,  1.04 , 9522.63 ,  1.05 , 9787.64 , 1.02 , 6 , 5 , 0 , 0
1322419953668 , 5 , ACTIVE , 2444577 , Jo Wilfried Tsonga , 36.0 , 6.17 ,  34.0 , 74.74 ,  29.0 , 15.0 , 40.0 , 52.19 ,  42.0 , 18.71 ,  44.0 , 9.32 , 40.0 , 3 , 3 , 0 , 0
1322419953668 , 5 , ACTIVE , 2251402 , Roger Federer , 1.02 , 85.61 ,  1.01 , 105272.37 , 1.03 , 52113.57 ,  1.04 , 9522.63 ,  1.05 , 9787.64 , 1.02 , 6 , 5 , 0 , 0
1322419954669 , 5 , ACTIVE , 2444577 , Jo Wilfried Tsonga , 36.0 , 6.17 ,  34.0 , 74.74 ,  29.0 , 15.0 , 40.0 , 52.19 ,  42.0 , 18.71 ,  44.0 , 9.32 , 40.0 , 3 , 3 , 0 , 0
1322419954669 , 5 , ACTIVE , 2251402 , Roger Federer , 1.02 , 85.61 ,  1.01 , 105272.37 , 1.03 , 52113.57 ,  1.04 , 9522.63 ,  1.05 , 9787.64 , 1.02 , 6 , 5 , 0 , 0
1322419955669 , 5 , ACTIVE , 2444577 , Jo Wilfried Tsonga , 36.0 , 6.17 ,  34.0 , 74.74 ,  29.0 , 15.0 , 40.0 , 52.19 ,  42.0 , 18.71 ,  44.0 , 9.32 , 40.0 , 3 , 3 , 0 , 0
1322419955670 , 5 , ACTIVE , 2251402 , Roger Federer , 1.02 , 85.61 ,  1.01 , 105272.37 , 1.03 , 52113.57 ,  1.04 , 9522.63 ,  1.05 , 9787.64 , 1.02 , 6 , 5 , 0 , 0
1322419956670 , 5 , ACTIVE , 2444577 , Jo Wilfried Tsonga , 36.0 , 6.17 ,  34.0 , 74.74 ,  29.0 , 15.0 , 40.0 , 52.19 ,  42.0 , 18.71 ,  44.0 , 9.32 , 40.0 , 3 , 3 , 0 , 0
1322419956670 , 5 , ACTIVE , 2251402 , Roger Federer , 1.02 , 85.61 ,  1.01 , 105272.37 , 1.03 , 52113.57 ,  1.04 , 9522.63 ,  1.05 , 9787.64 , 1.02 , 6 , 5 , 0 , 0
1322419957670 , 5 , ACTIVE , 2444577 , Jo Wilfried Tsonga , 36.0 , 6.17 ,  34.0 , 74.74 ,  29.0 , 15.0 , 40.0 , 52.19 ,  42.0 , 18.71 ,  44.0 , 9.32 , 40.0 , 3 , 3 , 0 , 0
1322419957671 , 5 , ACTIVE , 2251402 , Roger Federer , 1.02 , 85.61 ,  1.01 , 105272.37 , 1.03 , 52113.57 ,  1.04 , 9522.63 ,  1.05 , 9787.64 , 1.02 , 6 , 5 , 0 , 0
1322419958671 , 5 , ACTIVE , 2444577 , Jo Wilfried Tsonga , 36.0 , 6.17 ,  34.0 , 74.74 ,  29.0 , 15.0 , 40.0 , 52.19 ,  42.0 , 18.71 ,  44.0 , 9.32 , 40.0 , 3 , 3 , 0 , 0
1322419958671 , 5 , ACTIVE , 2251402 , Roger Federer , 1.02 , 85.61 ,  1.01 , 105272.37 , 1.03 , 52113.57 ,  1.04 , 9522.63 ,  1.05 , 9787.64 , 1.02 , 6 , 5 , 0 , 0
1322419959672 , 5 , ACTIVE , 2444577 , Jo Wilfried Tsonga , 36.0 , 6.17 ,  34.0 , 74.74 ,  29.0 , 15.0 , 40.0 , 52.19 ,  42.0 , 18.71 ,  44.0 , 9.32 , 40.0 , 3 , 3 , 0 , 0
1322419959672 , 5 , ACTIVE , 2251402 , Roger Federer , 1.02 , 85.61 ,  1.01 , 105272.37 , 1.03 , 52113.57 ,  1.04 , 9522.63 ,  1.05 , 9787.64 , 1.02 , 6 , 5 , 0 , 0
1322419960672 , 5 , ACTIVE , 2444577 , Jo Wilfried Tsonga , 36.0 , 6.17 ,  34.0 , 74.74 ,  29.0 , 15.0 , 40.0 , 52.19 ,  42.0 , 18.71 ,  44.0 , 9.32 , 40.0 , 3 , 3 , 0 , 0
1322419960672 , 5 , ACTIVE , 2251402 , Roger Federer , 1.02 , 85.61 ,  1.01 , 105272.37 , 1.03 , 52113.57 ,  1.04 , 9522.63 ,  1.05 , 9787.64 , 1.02 , 6 , 5 , 0 , 0
1322419961673 , 5 , ACTIVE , 2444577 , Jo Wilfried Tsonga , 36.0 , 6.17 ,  34.0 , 74.74 ,  29.0 , 15.0 , 40.0 , 52.19 ,  42.0 , 18.71 ,  44.0 , 9.32 , 40.0 , 3 , 3 , 0 , 0
1322419961673 , 5 , ACTIVE , 2251402 , Roger Federer , 1.02 , 85.61 ,  1.01 , 105272.37 , 1.03 , 52113.57 ,  1.04 , 9522.63 ,  1.05 , 9787.64 , 1.02 , 6 , 5 , 0 , 0
1322419962673 , 5 , ACTIVE , 2444577 , Jo Wilfried Tsonga , 36.0 , 6.17 ,  34.0 , 74.74 ,  29.0 , 15.0 , 40.0 , 52.19 ,  42.0 , 18.71 ,  44.0 , 9.32 , 40.0 , 3 , 3 , 0 , 0
1322419962673 , 5 , ACTIVE , 2251402 , Roger Federer , 1.02 , 85.61 ,  1.01 , 105272.37 , 1.03 , 52113.57 ,  1.04 , 9522.63 ,  1.05 , 9787.64 , 1.02 , 6 , 5 , 0 , 0
1322419963674 , 5 , ACTIVE , 2444577 , Jo Wilfried Tsonga , 36.0 , 6.17 ,  34.0 , 74.74 ,  29.0 , 15.0 , 40.0 , 52.19 ,  42.0 , 18.71 ,  44.0 , 9.32 , 40.0 , 3 , 3 , 0 , 0
1322419963674 , 5 , ACTIVE , 2251402 , Roger Federer , 1.02 , 85.61 ,  1.01 , 105272.37 , 1.03 , 52113.57 ,  1.04 , 9522.63 ,  1.05 , 9787.64 , 1.02 , 6 , 5 , 0 , 0
1322419964674 , 5 , ACTIVE , 2444577 , Jo Wilfried Tsonga , 36.0 , 6.17 ,  34.0 , 74.74 ,  29.0 , 15.0 , 40.0 , 52.19 ,  42.0 , 18.71 ,  44.0 , 9.32 , 40.0 , 3 , 3 , 0 , 0
1322419964674 , 5 , ACTIVE , 2251402 , Roger Federer , 1.02 , 85.61 ,  1.01 , 105272.37 , 1.03 , 52113.57 ,  1.04 , 9522.63 ,  1.05 , 9787.64 , 1.02 , 6 , 5 , 0 , 0
1322419965675 , 5 , ACTIVE , 2444577 , Jo Wilfried Tsonga , 36.0 , 6.17 ,  34.0 , 74.74 ,  29.0 , 15.0 , 40.0 , 52.19 ,  42.0 , 18.71 ,  44.0 , 9.32 , 40.0 , 3 , 3 , 0 , 0
1322419965675 , 5 , ACTIVE , 2251402 , Roger Federer , 1.02 , 85.61 ,  1.01 , 105272.37 , 1.03 , 52113.57 ,  1.04 , 9522.63 ,  1.05 , 9787.64 , 1.02 , 6 , 5 , 0 , 0
1322419966675 , 5 , ACTIVE , 2444577 , Jo Wilfried Tsonga , 36.0 , 6.17 ,  34.0 , 74.74 ,  29.0 , 15.0 , 40.0 , 52.19 ,  42.0 , 18.71 ,  44.0 , 9.32 , 40.0 , 3 , 3 , 0 , 0
1322419966675 , 5 , ACTIVE , 2251402 , Roger Federer , 1.02 , 85.61 ,  1.01 , 105272.37 , 1.03 , 52113.57 ,  1.04 , 9522.63 ,  1.05 , 9787.64 , 1.02 , 6 , 5 , 0 , 0
1322419967676 , 5 , ACTIVE , 2444577 , Jo Wilfried Tsonga , 36.0 , 6.17 ,  34.0 , 74.74 ,  29.0 , 15.0 , 40.0 , 52.19 ,  42.0 , 18.71 ,  44.0 , 9.32 , 40.0 , 3 , 3 , 0 , 0
1322419967676 , 5 , ACTIVE , 2251402 , Roger Federer , 1.02 , 85.61 ,  1.01 , 105272.37 , 1.03 , 52113.57 ,  1.04 , 9522.63 ,  1.05 , 9787.64 , 1.02 , 6 , 5 , 0 , 0
1322419968676 , 5 , ACTIVE , 2444577 , Jo Wilfried Tsonga , 36.0 , 6.17 ,  34.0 , 74.74 ,  29.0 , 15.0 , 40.0 , 52.19 ,  42.0 , 18.71 ,  44.0 , 9.32 , 40.0 , 3 , 3 , 0 , 0
1322419968676 , 5 , ACTIVE , 2251402 , Roger Federer , 1.02 , 85.61 ,  1.01 , 105272.37 , 1.03 , 52113.57 ,  1.04 , 9522.63 ,  1.05 , 9787.64 , 1.02 , 6 , 5 , 0 , 0
1322419969677 , 5 , ACTIVE , 2444577 , Jo Wilfried Tsonga , 36.0 , 6.17 ,  34.0 , 74.74 ,  29.0 , 15.0 , 40.0 , 52.19 ,  42.0 , 18.71 ,  44.0 , 9.32 , 40.0 , 3 , 3 , 0 , 0
1322419969677 , 5 , ACTIVE , 2251402 , Roger Federer , 1.02 , 85.61 ,  1.01 , 105272.37 , 1.03 , 52113.57 ,  1.04 , 9522.63 ,  1.05 , 9787.64 , 1.02 , 6 , 5 , 0 , 0
1322419970677 , 5 , ACTIVE , 2444577 , Jo Wilfried Tsonga , 36.0 , 6.17 ,  34.0 , 74.74 ,  29.0 , 15.0 , 40.0 , 52.19 ,  42.0 , 18.71 ,  44.0 , 9.32 , 40.0 , 3 , 3 , 0 , 0
1322419970678 , 5 , ACTIVE , 2251402 , Roger Federer , 1.02 , 85.61 ,  1.01 , 105272.37 , 1.03 , 52113.57 ,  1.04 , 9522.63 ,  1.05 , 9787.64 , 1.02 , 6 , 5 , 0 , 0
1322419971678 , 5 , ACTIVE , 2444577 , Jo Wilfried Tsonga , 36.0 , 6.17 ,  34.0 , 74.74 ,  29.0 , 15.0 , 40.0 , 52.19 ,  42.0 , 18.71 ,  44.0 , 9.32 , 40.0 , 3 , 3 , 0 , 0
1322419971678 , 5 , ACTIVE , 2251402 , Roger Federer , 1.02 , 85.61 ,  1.01 , 105272.37 , 1.03 , 52113.57 ,  1.04 , 9522.63 ,  1.05 , 9787.64 , 1.02 , 6 , 5 , 0 , 0
1322419972678 , 5 , ACTIVE , 2444577 , Jo Wilfried Tsonga , 36.0 , 6.17 ,  34.0 , 74.74 ,  29.0 , 15.0 , 40.0 , 52.19 ,  42.0 , 18.71 ,  44.0 , 9.32 , 40.0 , 3 , 3 , 0 , 0
1322419972679 , 5 , ACTIVE , 2251402 , Roger Federer , 1.02 , 85.61 ,  1.01 , 105272.37 , 1.03 , 52113.57 ,  1.04 , 9522.63 ,  1.05 , 9787.64 , 1.02 , 6 , 5 , 0 , 0
1322419973679 , 5 , ACTIVE , 2444577 , Jo Wilfried Tsonga , 36.0 , 6.17 ,  34.0 , 74.74 ,  29.0 , 15.0 , 40.0 , 52.19 ,  42.0 , 18.71 ,  44.0 , 9.32 , 40.0 , 3 , 3 , 0 , 15
1322419973679 , 5 , ACTIVE , 2251402 , Roger Federer , 1.02 , 85.61 ,  1.01 , 105272.37 , 1.03 , 52113.57 ,  1.04 , 9522.63 ,  1.05 , 9787.64 , 1.02 , 6 , 5 , 0 , 0
1322419974680 , 5 , ACTIVE , 2444577 , Jo Wilfried Tsonga , 36.0 , 6.17 ,  34.0 , 74.74 ,  29.0 , 15.0 , 40.0 , 52.19 ,  42.0 , 18.71 ,  44.0 , 9.32 , 40.0 , 3 , 3 , 0 , 15
1322419974680 , 5 , ACTIVE , 2251402 , Roger Federer , 1.02 , 85.61 ,  1.01 , 105272.37 , 1.03 , 52113.57 ,  1.04 , 9522.63 ,  1.05 , 9787.64 , 1.02 , 6 , 5 , 0 , 0
1322419975680 , 5 , ACTIVE , 2444577 , Jo Wilfried Tsonga , 36.0 , 6.17 ,  34.0 , 74.74 ,  29.0 , 15.0 , 40.0 , 52.19 ,  42.0 , 18.71 ,  44.0 , 9.32 , 40.0 , 3 , 3 , 0 , 15
1322419975680 , 5 , ACTIVE , 2251402 , Roger Federer , 1.02 , 85.61 ,  1.01 , 105272.37 , 1.03 , 52113.57 ,  1.04 , 9522.63 ,  1.05 , 9787.64 , 1.02 , 6 , 5 , 0 , 0
1322419976681 , 5 , ACTIVE , 2444577 , Jo Wilfried Tsonga , 36.0 , 6.17 ,  34.0 , 74.74 ,  29.0 , 15.0 , 40.0 , 52.19 ,  42.0 , 18.71 ,  44.0 , 9.32 , 40.0 , 3 , 3 , 0 , 15
1322419976681 , 5 , ACTIVE , 2251402 , Roger Federer , 1.02 , 85.61 ,  1.01 , 105272.37 , 1.03 , 52113.57 ,  1.04 , 9522.63 ,  1.05 , 9787.64 , 1.02 , 6 , 5 , 0 , 0
1322419977681 , 5 , ACTIVE , 2444577 , Jo Wilfried Tsonga , 36.0 , 6.17 ,  34.0 , 74.74 ,  29.0 , 15.0 , 40.0 , 52.19 ,  42.0 , 18.71 ,  44.0 , 9.32 , 40.0 , 3 , 3 , 0 , 15
1322419977681 , 5 , ACTIVE , 2251402 , Roger Federer , 1.02 , 85.61 ,  1.01 , 105272.37 , 1.03 , 52113.57 ,  1.04 , 9522.63 ,  1.05 , 9787.64 , 1.02 , 6 , 5 , 0 , 0
1322419978682 , 5 , ACTIVE , 2444577 , Jo Wilfried Tsonga , 36.0 , 6.17 ,  34.0 , 74.74 ,  29.0 , 15.0 , 40.0 , 52.19 ,  42.0 , 18.71 ,  44.0 , 9.32 , 40.0 , 3 , 3 , 0 , 15
1322419978682 , 5 , ACTIVE , 2251402 , Roger Federer , 1.02 , 85.61 ,  1.01 , 105272.37 , 1.03 , 52113.57 ,  1.04 , 9522.63 ,  1.05 , 9787.64 , 1.02 , 6 , 5 , 0 , 0
1322419979682 , 5 , ACTIVE , 2444577 , Jo Wilfried Tsonga , 36.0 , 6.17 ,  34.0 , 74.74 ,  29.0 , 15.0 , 40.0 , 52.19 ,  42.0 , 18.71 ,  44.0 , 9.32 , 40.0 , 3 , 3 , 0 , 15
1322419979682 , 5 , ACTIVE , 2251402 , Roger Federer , 1.02 , 85.61 ,  1.01 , 105272.37 , 1.03 , 52113.57 ,  1.04 , 9522.63 ,  1.05 , 9787.64 , 1.02 , 6 , 5 , 0 , 0
1322419980683 , 5 , ACTIVE , 2444577 , Jo Wilfried Tsonga , 36.0 , 6.17 ,  34.0 , 74.74 ,  29.0 , 15.0 , 40.0 , 52.19 ,  42.0 , 18.71 ,  44.0 , 9.32 , 40.0 , 3 , 3 , 0 , 15
1322419980683 , 5 , ACTIVE , 2251402 , Roger Federer , 1.02 , 85.61 ,  1.01 , 105272.37 , 1.03 , 52113.57 ,  1.04 , 9522.63 ,  1.05 , 9787.64 , 1.02 , 6 , 5 , 0 , 0
1322419981683 , 5 , ACTIVE , 2444577 , Jo Wilfried Tsonga , 36.0 , 6.17 ,  34.0 , 74.74 ,  29.0 , 15.0 , 40.0 , 52.19 ,  42.0 , 18.71 ,  44.0 , 9.32 , 40.0 , 3 , 3 , 0 , 15
1322419981683 , 5 , ACTIVE , 2251402 , Roger Federer , 1.02 , 85.61 ,  1.01 , 105272.37 , 1.03 , 52113.57 ,  1.04 , 9522.63 ,  1.05 , 9787.64 , 1.02 , 6 , 5 , 0 , 0
1322419982684 , 5 , ACTIVE , 2444577 , Jo Wilfried Tsonga , 36.0 , 6.17 ,  34.0 , 74.74 ,  29.0 , 15.0 , 40.0 , 52.19 ,  42.0 , 18.71 ,  44.0 , 9.32 , 40.0 , 3 , 3 , 0 , 15
1322419982684 , 5 , ACTIVE , 2251402 , Roger Federer , 1.02 , 85.61 ,  1.01 , 105272.37 , 1.03 , 52113.57 ,  1.04 , 9522.63 ,  1.05 , 9787.64 , 1.02 , 6 , 5 , 0 , 0
1322419983684 , 5 , ACTIVE , 2444577 , Jo Wilfried Tsonga , 36.0 , 6.17 ,  34.0 , 74.74 ,  29.0 , 15.0 , 40.0 , 52.19 ,  42.0 , 18.71 ,  44.0 , 9.32 , 40.0 , 3 , 3 , 0 , 15
1322419983685 , 5 , ACTIVE , 2251402 , Roger Federer , 1.02 , 85.61 ,  1.01 , 105272.37 , 1.03 , 52113.57 ,  1.04 , 9522.63 ,  1.05 , 9787.64 , 1.02 , 6 , 5 , 0 , 0
1322419984685 , 5 , ACTIVE , 2444577 , Jo Wilfried Tsonga , 36.0 , 6.17 ,  34.0 , 74.74 ,  29.0 , 15.0 , 40.0 , 52.19 ,  42.0 , 18.71 ,  44.0 , 9.32 , 40.0 , 3 , 3 , 0 , 15
1322419984685 , 5 , ACTIVE , 2251402 , Roger Federer , 1.02 , 85.61 ,  1.01 , 105272.37 , 1.03 , 52113.57 ,  1.04 , 9522.63 ,  1.05 , 9787.64 , 1.02 , 6 , 5 , 0 , 0
1322419985686 , 5 , ACTIVE , 2444577 , Jo Wilfried Tsonga , 36.0 , 6.17 ,  34.0 , 74.74 ,  29.0 , 15.0 , 40.0 , 52.19 ,  42.0 , 18.71 ,  44.0 , 9.32 , 40.0 , 3 , 3 , 0 , 15
1322419985686 , 5 , ACTIVE , 2251402 , Roger Federer , 1.02 , 85.61 ,  1.01 , 105272.37 , 1.03 , 52113.57 ,  1.04 , 9522.63 ,  1.05 , 9787.64 , 1.02 , 6 , 5 , 0 , 0
1322419986686 , 5 , ACTIVE , 2444577 , Jo Wilfried Tsonga , 36.0 , 6.17 ,  34.0 , 74.74 ,  29.0 , 15.0 , 40.0 , 52.19 ,  42.0 , 18.71 ,  44.0 , 9.32 , 40.0 , 3 , 3 , 0 , 15
1322419986686 , 5 , ACTIVE , 2251402 , Roger Federer , 1.02 , 85.61 ,  1.01 , 105272.37 , 1.03 , 52113.57 ,  1.04 , 9522.63 ,  1.05 , 9787.64 , 1.02 , 6 , 5 , 0 , 0
1322419987687 , 5 , ACTIVE , 2444577 , Jo Wilfried Tsonga , 38.0 , 46.0 ,  36.0 , 13.16 ,  34.0 , 45.45 , 42.0 , 6.42 ,  44.0 , 98.81 ,  48.0 , 2.0 , 38.0 , 3 , 3 , 0 , 15
1322419987687 , 5 , ACTIVE , 2251402 , Roger Federer , 1.02 , 86552.29 ,  1.01 , 106727.46 , 1.03 , 41615.63 ,  1.04 , 34939.04 ,  1.05 , 9787.64 , 1.03 , 6 , 5 , 0 , 0
1322419988687 , 5 , ACTIVE , 2444577 , Jo Wilfried Tsonga , 38.0 , 46.0 ,  36.0 , 13.16 ,  34.0 , 45.45 , 42.0 , 6.42 ,  44.0 , 98.81 ,  48.0 , 2.0 , 38.0 , 3 , 3 , 0 , 15
1322419988687 , 5 , ACTIVE , 2251402 , Roger Federer , 1.02 , 86552.29 ,  1.01 , 106727.46 , 1.03 , 41615.63 ,  1.04 , 34939.04 ,  1.05 , 9787.64 , 1.03 , 6 , 5 , 0 , 0
1322419989688 , 5 , ACTIVE , 2444577 , Jo Wilfried Tsonga , 38.0 , 46.0 ,  36.0 , 13.16 ,  34.0 , 45.45 , 42.0 , 6.42 ,  44.0 , 98.81 ,  48.0 , 2.0 , 38.0 , 3 , 3 , 0 , 15
1322419989688 , 5 , ACTIVE , 2251402 , Roger Federer , 1.02 , 86552.29 ,  1.01 , 106727.46 , 1.03 , 41615.63 ,  1.04 , 34939.04 ,  1.05 , 9787.64 , 1.03 , 6 , 5 , 0 , 0
1322419990688 , 5 , ACTIVE , 2444577 , Jo Wilfried Tsonga , 38.0 , 44.29 ,  36.0 , 94.49 ,  34.0 , 45.45 , 42.0 , 6.42 ,  44.0 , 96.81 ,  48.0 , 2.0 , 38.0 , 3 , 3 , 0 , 15
1322419990689 , 5 , ACTIVE , 2251402 , Roger Federer , 1.02 , 86552.29 ,  1.01 , 106727.46 , 1.03 , 41689.26 ,  1.04 , 34939.04 ,  1.05 , 9787.64 , 1.03 , 6 , 5 , 0 , 0
1322419991689 , 5 , ACTIVE , 2444577 , Jo Wilfried Tsonga , 38.0 , 44.29 ,  36.0 , 94.49 ,  34.0 , 45.45 , 42.0 , 6.42 ,  44.0 , 96.81 ,  48.0 , 2.0 , 38.0 , 3 , 3 , 0 , 15
1322419991689 , 5 , ACTIVE , 2251402 , Roger Federer , 1.02 , 86552.29 ,  1.01 , 106727.46 , 1.03 , 41689.26 ,  1.04 , 34939.04 ,  1.05 , 9787.64 , 1.03 , 6 , 5 , 0 , 0
1322419992689 , 5 , ACTIVE , 2444577 , Jo Wilfried Tsonga , 38.0 , 41.29 ,  36.0 , 94.49 ,  34.0 , 45.45 , 44.0 , 94.81 ,  48.0 , 2.0 ,  50.0 , 85.61 , 38.0 , 3 , 3 , 0 , 15
1322419992690 , 5 , ACTIVE , 2251402 , Roger Federer , 1.02 , 86552.29 ,  1.01 , 106727.46 , 1.03 , 41639.26 ,  1.04 , 34939.04 ,  1.05 , 9787.64 , 1.03 , 6 , 5 , 0 , 0
1322419993690 , 5 , ACTIVE , 2444577 , Jo Wilfried Tsonga , 38.0 , 41.29 ,  36.0 , 94.49 ,  34.0 , 45.45 , 44.0 , 94.81 ,  48.0 , 2.0 ,  50.0 , 85.61 , 38.0 , 3 , 3 , 0 , 15
1322419993690 , 5 , ACTIVE , 2251402 , Roger Federer , 1.02 , 86552.29 ,  1.01 , 106727.46 , 1.03 , 41639.26 ,  1.04 , 34939.04 ,  1.05 , 9787.64 , 1.03 , 6 , 5 , 0 , 0
1322419994691 , 5 , ACTIVE , 2444577 , Jo Wilfried Tsonga , 38.0 , 41.29 ,  36.0 , 94.49 ,  34.0 , 89.45 , 44.0 , 94.81 ,  48.0 , 2.0 ,  50.0 , 85.61 , 38.0 , 3 , 3 , 0 , 15
1322419994691 , 5 , ACTIVE , 2251402 , Roger Federer , 1.02 , 79079.13 ,  1.01 , 106727.46 , 1.03 , 41639.26 ,  1.04 , 36092.85 ,  1.05 , 9787.64 , 1.03 , 6 , 5 , 0 , 0
1322419995691 , 5 , ACTIVE , 2444577 , Jo Wilfried Tsonga , 38.0 , 41.29 ,  36.0 , 94.49 ,  34.0 , 89.45 , 44.0 , 94.81 ,  48.0 , 2.0 ,  50.0 , 85.61 , 38.0 , 3 , 3 , 0 , 15
1322419995691 , 5 , ACTIVE , 2251402 , Roger Federer , 1.02 , 79079.13 ,  1.01 , 106727.46 , 1.03 , 41639.26 ,  1.04 , 36092.85 ,  1.05 , 9787.64 , 1.03 , 6 , 5 , 0 , 0
1322419996692 , 5 , ACTIVE , 2444577 , Jo Wilfried Tsonga , 38.0 , 41.29 ,  36.0 , 94.49 ,  34.0 , 89.45 , 44.0 , 94.81 ,  48.0 , 2.0 ,  50.0 , 85.61 , 38.0 , 3 , 3 , 0 , 15
1322419996692 , 5 , ACTIVE , 2251402 , Roger Federer , 1.02 , 79079.13 ,  1.01 , 106727.46 , 1.03 , 41639.26 ,  1.04 , 36092.85 ,  1.05 , 9787.64 , 1.03 , 6 , 5 , 0 , 0
1322419997692 , 5 , ACTIVE , 2444577 , Jo Wilfried Tsonga , 38.0 , 39.58 ,  36.0 , 95.35 ,  34.0 , 44.0 , 44.0 , 94.81 ,  48.0 , 2.0 ,  50.0 , 85.61 , 38.0 , 3 , 3 , 0 , 15
1322419997692 , 5 , ACTIVE , 2251402 , Roger Federer , 1.02 , 78809.13 ,  1.01 , 106727.46 , 1.03 , 41486.26 ,  1.04 , 36092.85 ,  1.05 , 9787.64 , 1.02 , 6 , 5 , 0 , 0
1322419998693 , 5 , ACTIVE , 2444577 , Jo Wilfried Tsonga , 38.0 , 39.58 ,  36.0 , 95.35 ,  34.0 , 44.0 , 44.0 , 94.81 ,  48.0 , 2.0 ,  50.0 , 85.61 , 38.0 , 3 , 3 , 0 , 15
1322419998693 , 5 , ACTIVE , 2251402 , Roger Federer , 1.02 , 78809.13 ,  1.01 , 106727.46 , 1.03 , 41486.26 ,  1.04 , 36092.85 ,  1.05 , 9787.64 , 1.02 , 6 , 5 , 0 , 0
1322419999693 , 5 , ACTIVE , 2444577 , Jo Wilfried Tsonga , 38.0 , 39.58 ,  36.0 , 95.35 ,  34.0 , 44.0 , 44.0 , 94.81 ,  48.0 , 2.0 ,  50.0 , 85.61 , 38.0 , 3 , 3 , 0 , 15
1322419999693 , 5 , ACTIVE , 2251402 , Roger Federer , 1.02 , 78809.13 ,  1.01 , 106727.46 , 1.03 , 41486.26 ,  1.04 , 36092.85 ,  1.05 , 9787.64 , 1.02 , 6 , 5 , 0 , 0
1322420000694 , 5 , ACTIVE , 2444577 , Jo Wilfried Tsonga , 38.0 , 39.58 ,  36.0 , 95.35 ,  34.0 , 44.0 , 44.0 , 94.81 ,  48.0 , 2.0 ,  50.0 , 85.61 , 38.0 , 3 , 3 , 0 , 15
1322420000694 , 5 , ACTIVE , 2251402 , Roger Federer , 1.02 , 78809.13 ,  1.01 , 106727.46 , 1.03 , 41486.26 ,  1.04 , 36092.85 ,  1.05 , 9787.64 , 1.02 , 6 , 5 , 0 , 0
1322420001694 , 5 , ACTIVE , 2444577 , Jo Wilfried Tsonga , 38.0 , 39.58 ,  36.0 , 95.35 ,  34.0 , 44.0 , 44.0 , 94.81 ,  48.0 , 2.0 ,  50.0 , 85.61 , 38.0 , 3 , 3 , 0 , 15
1322420001695 , 5 , ACTIVE , 2251402 , Roger Federer , 1.02 , 78809.13 ,  1.01 , 106727.46 , 1.03 , 41486.26 ,  1.04 , 36092.85 ,  1.05 , 9787.64 , 1.02 , 6 , 5 , 0 , 0
1322420002695 , 5 , ACTIVE , 2444577 , Jo Wilfried Tsonga , 38.0 , 39.58 ,  36.0 , 95.35 ,  34.0 , 44.0 , 44.0 , 94.81 ,  48.0 , 2.0 ,  50.0 , 85.61 , 38.0 , 3 , 3 , 0 , 15
1322420002695 , 5 , ACTIVE , 2251402 , Roger Federer , 1.02 , 78809.13 ,  1.01 , 106727.46 , 1.03 , 41486.26 ,  1.04 , 36092.85 ,  1.05 , 9787.64 , 1.02 , 6 , 5 , 0 , 0
1322420003695 , 5 , ACTIVE , 2444577 , Jo Wilfried Tsonga , 38.0 , 39.58 ,  36.0 , 95.35 ,  34.0 , 44.0 , 44.0 , 94.81 ,  48.0 , 2.0 ,  50.0 , 85.61 , 38.0 , 3 , 3 , 0 , 15
1322420003696 , 5 , ACTIVE , 2251402 , Roger Federer , 1.02 , 78809.13 ,  1.01 , 106727.46 , 1.03 , 41486.26 ,  1.04 , 36092.85 ,  1.05 , 9787.64 , 1.02 , 6 , 5 , 0 , 0
1322420004696 , 5 , ACTIVE , 2444577 , Jo Wilfried Tsonga , 38.0 , 39.58 ,  36.0 , 95.35 ,  34.0 , 44.0 , 44.0 , 94.81 ,  48.0 , 2.0 ,  50.0 , 85.61 , 38.0 , 3 , 3 , 0 , 15
1322420004696 , 5 , ACTIVE , 2251402 , Roger Federer , 1.02 , 78809.13 ,  1.01 , 106727.46 , 1.03 , 41486.26 ,  1.04 , 36092.85 ,  1.05 , 9787.64 , 1.02 , 6 , 5 , 0 , 0
1322420005750 , 5 , ACTIVE , 2444577 , Jo Wilfried Tsonga , 38.0 , 39.58 ,  36.0 , 95.35 ,  34.0 , 44.0 , 44.0 , 94.81 ,  48.0 , 2.0 ,  50.0 , 85.61 , 38.0 , 3 , 3 , 0 , 30
1322420005751 , 5 , ACTIVE , 2251402 , Roger Federer , 1.02 , 78809.13 ,  1.01 , 106727.46 , 1.03 , 41486.26 ,  1.04 , 36092.85 ,  1.05 , 9787.64 , 1.02 , 6 , 5 , 0 , 0
1322420006751 , 5 , ACTIVE , 2444577 , Jo Wilfried Tsonga , 38.0 , 39.58 ,  36.0 , 95.35 ,  34.0 , 44.0 , 44.0 , 94.81 ,  48.0 , 2.0 ,  50.0 , 85.61 , 38.0 , 3 , 3 , 0 , 30
1322420006751 , 5 , ACTIVE , 2251402 , Roger Federer , 1.02 , 78809.13 ,  1.01 , 106727.46 , 1.03 , 41486.26 ,  1.04 , 36092.85 ,  1.05 , 9787.64 , 1.02 , 6 , 5 , 0 , 0
1322420007751 , 5 , ACTIVE , 2444577 , Jo Wilfried Tsonga , 38.0 , 39.58 ,  36.0 , 95.35 ,  34.0 , 44.0 , 44.0 , 94.81 ,  48.0 , 2.0 ,  50.0 , 85.61 , 38.0 , 3 , 3 , 0 , 30
1322420007752 , 5 , ACTIVE , 2251402 , Roger Federer , 1.02 , 78809.13 ,  1.01 , 106727.46 , 1.03 , 41486.26 ,  1.04 , 36092.85 ,  1.05 , 9787.64 , 1.02 , 6 , 5 , 0 , 0
1322420008752 , 5 , ACTIVE , 2444577 , Jo Wilfried Tsonga , 38.0 , 39.58 ,  36.0 , 95.35 ,  34.0 , 44.0 , 44.0 , 94.81 ,  48.0 , 2.0 ,  50.0 , 85.61 , 38.0 , 3 , 3 , 0 , 30
1322420008752 , 5 , ACTIVE , 2251402 , Roger Federer , 1.02 , 78809.13 ,  1.01 , 106727.46 , 1.03 , 41486.26 ,  1.04 , 36092.85 ,  1.05 , 9787.64 , 1.02 , 6 , 5 , 0 , 0
1322420009752 , 5 , ACTIVE , 2444577 , Jo Wilfried Tsonga , 38.0 , 39.58 ,  36.0 , 95.35 ,  34.0 , 44.0 , 44.0 , 94.81 ,  48.0 , 2.0 ,  50.0 , 85.61 , 38.0 , 3 , 3 , 0 , 30
1322420009753 , 5 , ACTIVE , 2251402 , Roger Federer , 1.02 , 78809.13 ,  1.01 , 106727.46 , 1.03 , 41486.26 ,  1.04 , 36092.85 ,  1.05 , 9787.64 , 1.02 , 6 , 5 , 0 , 0
1322420010753 , 5 , ACTIVE , 2444577 , Jo Wilfried Tsonga , 38.0 , 39.58 ,  36.0 , 95.35 ,  34.0 , 44.0 , 44.0 , 94.81 ,  48.0 , 2.0 ,  50.0 , 85.61 , 38.0 , 3 , 3 , 0 , 30
1322420010753 , 5 , ACTIVE , 2251402 , Roger Federer , 1.02 , 78809.13 ,  1.01 , 106727.46 , 1.03 , 41486.26 ,  1.04 , 36092.85 ,  1.05 , 9787.64 , 1.02 , 6 , 5 , 0 , 0
1322420011754 , 5 , ACTIVE , 2444577 , Jo Wilfried Tsonga , 38.0 , 39.58 ,  36.0 , 95.35 ,  34.0 , 44.0 , 44.0 , 94.81 ,  48.0 , 2.0 ,  50.0 , 85.61 , 38.0 , 3 , 3 , 0 , 30
1322420011754 , 5 , ACTIVE , 2251402 , Roger Federer , 1.02 , 78809.13 ,  1.01 , 106727.46 , 1.03 , 41486.26 ,  1.04 , 36092.85 ,  1.05 , 9787.64 , 1.02 , 6 , 5 , 0 , 0
1322420012754 , 5 , ACTIVE , 2444577 , Jo Wilfried Tsonga , 38.0 , 39.58 ,  36.0 , 95.35 ,  34.0 , 44.0 , 44.0 , 94.81 ,  48.0 , 2.0 ,  50.0 , 85.61 , 38.0 , 3 , 3 , 0 , 30
1322420012754 , 5 , ACTIVE , 2251402 , Roger Federer , 1.02 , 78809.13 ,  1.01 , 106727.46 , 1.03 , 41486.26 ,  1.04 , 36092.85 ,  1.05 , 9787.64 , 1.02 , 6 , 5 , 0 , 0
1322420013755 , 5 , ACTIVE , 2444577 , Jo Wilfried Tsonga , 38.0 , 39.58 ,  36.0 , 95.35 ,  34.0 , 44.0 , 44.0 , 94.81 ,  48.0 , 2.0 ,  50.0 , 85.61 , 38.0 , 3 , 3 , 0 , 30
1322420013755 , 5 , ACTIVE , 2251402 , Roger Federer , 1.02 , 78809.13 ,  1.01 , 106727.46 , 1.03 , 41486.26 ,  1.04 , 36092.85 ,  1.05 , 9787.64 , 1.02 , 6 , 5 , 0 , 0
1322420014755 , 5 , ACTIVE , 2444577 , Jo Wilfried Tsonga , 38.0 , 39.58 ,  36.0 , 95.35 ,  34.0 , 44.0 , 44.0 , 94.81 ,  48.0 , 2.0 ,  50.0 , 85.61 , 38.0 , 3 , 3 , 0 , 30
1322420014755 , 5 , ACTIVE , 2251402 , Roger Federer , 1.02 , 78809.13 ,  1.01 , 106727.46 , 1.03 , 41486.26 ,  1.04 , 36092.85 ,  1.05 , 9787.64 , 1.02 , 6 , 5 , 0 , 0
1322420015756 , 5 , ACTIVE , 2444577 , Jo Wilfried Tsonga , 38.0 , 39.58 ,  36.0 , 95.35 ,  34.0 , 44.0 , 44.0 , 94.81 ,  48.0 , 2.0 ,  50.0 , 85.61 , 38.0 , 3 , 3 , 0 , 30
1322420015756 , 5 , ACTIVE , 2251402 , Roger Federer , 1.02 , 78809.13 ,  1.01 , 106727.46 , 1.03 , 41486.26 ,  1.04 , 36092.85 ,  1.05 , 9787.64 , 1.02 , 6 , 5 , 0 , 0
1322420016756 , 5 , ACTIVE , 2444577 , Jo Wilfried Tsonga , 38.0 , 39.58 ,  36.0 , 95.35 ,  34.0 , 44.0 , 44.0 , 94.81 ,  48.0 , 2.0 ,  50.0 , 85.61 , 38.0 , 3 , 3 , 0 , 30
1322420016756 , 5 , ACTIVE , 2251402 , Roger Federer , 1.02 , 78809.13 ,  1.01 , 106727.46 , 1.03 , 41486.26 ,  1.04 , 36092.85 ,  1.05 , 9787.64 , 1.02 , 6 , 5 , 0 , 0
1322420017757 , 5 , ACTIVE , 2444577 , Jo Wilfried Tsonga , 38.0 , 39.58 ,  36.0 , 95.35 ,  34.0 , 44.0 , 44.0 , 94.81 ,  48.0 , 2.0 ,  50.0 , 85.61 , 38.0 , 3 , 3 , 0 , 30
1322420017757 , 5 , ACTIVE , 2251402 , Roger Federer , 1.02 , 78809.13 ,  1.01 , 106727.46 , 1.03 , 41486.26 ,  1.04 , 36092.85 ,  1.05 , 9787.64 , 1.02 , 6 , 5 , 0 , 0
1322420018757 , 5 , ACTIVE , 2444577 , Jo Wilfried Tsonga , 38.0 , 39.58 ,  36.0 , 95.35 ,  34.0 , 44.0 , 44.0 , 94.81 ,  48.0 , 2.0 ,  50.0 , 85.61 , 38.0 , 3 , 3 , 0 , 30
1322420018758 , 5 , ACTIVE , 2251402 , Roger Federer , 1.02 , 78809.13 ,  1.01 , 106727.46 , 1.03 , 41486.26 ,  1.04 , 36092.85 ,  1.05 , 9787.64 , 1.02 , 6 , 5 , 0 , 0
1322420019758 , 5 , ACTIVE , 2444577 , Jo Wilfried Tsonga , 38.0 , 39.58 ,  36.0 , 95.35 ,  34.0 , 44.0 , 44.0 , 94.81 ,  48.0 , 2.0 ,  50.0 , 85.61 , 38.0 , 3 , 3 , 0 , 30
1322420019758 , 5 , ACTIVE , 2251402 , Roger Federer , 1.02 , 78809.13 ,  1.01 , 106727.46 , 1.03 , 41486.26 ,  1.04 , 36092.85 ,  1.05 , 9787.64 , 1.02 , 6 , 5 , 0 , 0
1322420020758 , 5 , ACTIVE , 2444577 , Jo Wilfried Tsonga , 38.0 , 39.58 ,  36.0 , 95.35 ,  34.0 , 44.0 , 44.0 , 94.81 ,  48.0 , 2.0 ,  50.0 , 85.61 , 38.0 , 3 , 3 , 0 , 30
1322420020759 , 5 , ACTIVE , 2251402 , Roger Federer , 1.02 , 78809.13 ,  1.01 , 106727.46 , 1.03 , 41486.26 ,  1.04 , 36092.85 ,  1.05 , 9787.64 , 1.02 , 6 , 5 , 0 , 0
1322420021759 , 5 , ACTIVE , 2444577 , Jo Wilfried Tsonga , 38.0 , 39.58 ,  36.0 , 95.35 ,  34.0 , 44.0 , 44.0 , 94.81 ,  48.0 , 2.0 ,  50.0 , 85.61 , 38.0 , 3 , 3 , 0 , 30
1322420021759 , 5 , ACTIVE , 2251402 , Roger Federer , 1.02 , 78809.13 ,  1.01 , 106727.46 , 1.03 , 41486.26 ,  1.04 , 36092.85 ,  1.05 , 9787.64 , 1.02 , 6 , 5 , 0 , 0
1322420022760 , 5 , ACTIVE , 2444577 , Jo Wilfried Tsonga , 38.0 , 39.58 ,  36.0 , 95.35 ,  34.0 , 44.0 , 44.0 , 94.81 ,  48.0 , 2.0 ,  50.0 , 85.61 , 38.0 , 3 , 3 , 0 , 30
1322420022760 , 5 , ACTIVE , 2251402 , Roger Federer , 1.02 , 78809.13 ,  1.01 , 106727.46 , 1.03 , 41486.26 ,  1.04 , 36092.85 ,  1.05 , 9787.64 , 1.02 , 6 , 5 , 0 , 0
1322420023760 , 5 , ACTIVE , 2444577 , Jo Wilfried Tsonga , 38.0 , 39.58 ,  36.0 , 95.35 ,  34.0 , 44.0 , 44.0 , 94.81 ,  48.0 , 2.0 ,  50.0 , 85.61 , 38.0 , 3 , 3 , 0 , 30
1322420023760 , 5 , ACTIVE , 2251402 , Roger Federer , 1.02 , 78809.13 ,  1.01 , 106727.46 , 1.03 , 41486.26 ,  1.04 , 36092.85 ,  1.05 , 9787.64 , 1.02 , 6 , 5 , 0 , 0
1322420024761 , 5 , ACTIVE , 2444577 , Jo Wilfried Tsonga , 38.0 , 39.58 ,  36.0 , 95.35 ,  34.0 , 44.0 , 44.0 , 94.81 ,  48.0 , 2.0 ,  50.0 , 85.61 , 38.0 , 3 , 3 , 0 , 30
1322420024761 , 5 , ACTIVE , 2251402 , Roger Federer , 1.02 , 78809.13 ,  1.01 , 106727.46 , 1.03 , 41486.26 ,  1.04 , 36092.85 ,  1.05 , 9787.64 , 1.02 , 6 , 5 , 0 , 0
1322420025761 , 5 , ACTIVE , 2444577 , Jo Wilfried Tsonga , 38.0 , 39.58 ,  36.0 , 95.35 ,  34.0 , 44.0 , 44.0 , 94.81 ,  48.0 , 2.0 ,  50.0 , 85.61 , 38.0 , 3 , 3 , 0 , 30
1322420025761 , 5 , ACTIVE , 2251402 , Roger Federer , 1.02 , 78809.13 ,  1.01 , 106727.46 , 1.03 , 41486.26 ,  1.04 , 36092.85 ,  1.05 , 9787.64 , 1.02 , 6 , 5 , 0 , 0
1322420026762 , 5 , ACTIVE , 2444577 , Jo Wilfried Tsonga , 38.0 , 39.58 ,  36.0 , 95.35 ,  34.0 , 44.0 , 44.0 , 94.81 ,  48.0 , 2.0 ,  50.0 , 85.61 , 38.0 , 3 , 3 , 0 , 30
1322420026762 , 5 , ACTIVE , 2251402 , Roger Federer , 1.02 , 78809.13 ,  1.01 , 106727.46 , 1.03 , 41486.26 ,  1.04 , 36092.85 ,  1.05 , 9787.64 , 1.02 , 6 , 5 , 0 , 0
1322420027762 , 5 , ACTIVE , 2444577 , Jo Wilfried Tsonga , 38.0 , 39.58 ,  36.0 , 95.35 ,  34.0 , 44.0 , 44.0 , 94.81 ,  48.0 , 2.0 ,  50.0 , 85.61 , 38.0 , 3 , 3 , 0 , 30
1322420027763 , 5 , ACTIVE , 2251402 , Roger Federer , 1.02 , 78809.13 ,  1.01 , 106727.46 , 1.03 , 41486.26 ,  1.04 , 36092.85 ,  1.05 , 9787.64 , 1.02 , 6 , 5 , 0 , 0
1322420028763 , 5 , ACTIVE , 2444577 , Jo Wilfried Tsonga , 38.0 , 39.58 ,  36.0 , 95.35 ,  34.0 , 44.0 , 44.0 , 94.81 ,  48.0 , 2.0 ,  50.0 , 85.61 , 38.0 , 3 , 3 , 0 , 30
1322420028763 , 5 , ACTIVE , 2251402 , Roger Federer , 1.02 , 78809.13 ,  1.01 , 106727.46 , 1.03 , 41486.26 ,  1.04 , 36092.85 ,  1.05 , 9787.64 , 1.02 , 6 , 5 , 0 , 0
1322420029763 , 5 , ACTIVE , 2444577 , Jo Wilfried Tsonga , 38.0 , 39.58 ,  36.0 , 95.35 ,  34.0 , 44.0 , 44.0 , 94.81 ,  48.0 , 2.0 ,  50.0 , 85.61 , 38.0 , 3 , 3 , 0 , 30
1322420029764 , 5 , ACTIVE , 2251402 , Roger Federer , 1.02 , 78809.13 ,  1.01 , 106727.46 , 1.03 , 41486.26 ,  1.04 , 36092.85 ,  1.05 , 9787.64 , 1.02 , 6 , 5 , 0 , 0
1322420030764 , 5 , ACTIVE , 2444577 , Jo Wilfried Tsonga , 38.0 , 39.58 ,  36.0 , 95.35 ,  34.0 , 44.0 , 44.0 , 94.81 ,  48.0 , 2.0 ,  50.0 , 85.61 , 38.0 , 3 , 3 , 0 , 30
1322420030764 , 5 , ACTIVE , 2251402 , Roger Federer , 1.02 , 78809.13 ,  1.01 , 106727.46 , 1.03 , 41486.26 ,  1.04 , 36092.85 ,  1.05 , 9787.64 , 1.02 , 6 , 5 , 0 , 0
1322420031764 , 5 , ACTIVE , 2444577 , Jo Wilfried Tsonga , 38.0 , 39.58 ,  36.0 , 95.35 ,  34.0 , 44.0 , 44.0 , 94.81 ,  48.0 , 2.0 ,  50.0 , 85.61 , 38.0 , 3 , 3 , 0 , 30
1322420031765 , 5 , ACTIVE , 2251402 , Roger Federer , 1.02 , 78809.13 ,  1.01 , 106727.46 , 1.03 , 41486.26 ,  1.04 , 36092.85 ,  1.05 , 9787.64 , 1.02 , 6 , 5 , 0 , 0
1322420032765 , 5 , ACTIVE , 2444577 , Jo Wilfried Tsonga , 38.0 , 39.58 ,  36.0 , 95.35 ,  34.0 , 44.0 , 44.0 , 94.81 ,  48.0 , 2.0 ,  50.0 , 85.61 , 38.0 , 3 , 3 , 0 , 30
1322420032765 , 5 , ACTIVE , 2251402 , Roger Federer , 1.02 , 78809.13 ,  1.01 , 106727.46 , 1.03 , 41486.26 ,  1.04 , 36092.85 ,  1.05 , 9787.64 , 1.02 , 6 , 5 , 0 , 0
1322420033766 , 5 , ACTIVE , 2444577 , Jo Wilfried Tsonga , 38.0 , 39.58 ,  36.0 , 95.35 ,  34.0 , 44.0 , 44.0 , 94.81 ,  48.0 , 2.0 ,  50.0 , 85.61 , 38.0 , 3 , 3 , 0 , 30
1322420033766 , 5 , ACTIVE , 2251402 , Roger Federer , 1.02 , 78809.13 ,  1.01 , 106727.46 , 1.03 , 41486.26 ,  1.04 , 36092.85 ,  1.05 , 9787.64 , 1.02 , 6 , 5 , 0 , 0
1322420034766 , 5 , ACTIVE , 2444577 , Jo Wilfried Tsonga , 38.0 , 39.58 ,  36.0 , 95.35 ,  34.0 , 44.0 , 44.0 , 94.81 ,  48.0 , 2.0 ,  50.0 , 85.61 , 38.0 , 3 , 3 , 0 , 30
1322420034766 , 5 , ACTIVE , 2251402 , Roger Federer , 1.02 , 78809.13 ,  1.01 , 106727.46 , 1.03 , 41486.26 ,  1.04 , 36092.85 ,  1.05 , 9787.64 , 1.02 , 6 , 5 , 0 , 0
1322420035767 , 5 , ACTIVE , 2444577 , Jo Wilfried Tsonga , 38.0 , 39.58 ,  36.0 , 95.35 ,  34.0 , 44.0 , 44.0 , 94.81 ,  48.0 , 2.0 ,  50.0 , 85.61 , 38.0 , 3 , 3 , 0 , 30
1322420035767 , 5 , ACTIVE , 2251402 , Roger Federer , 1.02 , 78809.13 ,  1.01 , 106727.46 , 1.03 , 41486.26 ,  1.04 , 36092.85 ,  1.05 , 9787.64 , 1.02 , 6 , 5 , 0 , 0
1322420036767 , 5 , ACTIVE , 2444577 , Jo Wilfried Tsonga , 38.0 , 39.58 ,  36.0 , 95.35 ,  34.0 , 44.0 , 44.0 , 94.81 ,  48.0 , 2.0 ,  50.0 , 85.61 , 38.0 , 3 , 3 , 0 , 30
1322420036767 , 5 , ACTIVE , 2251402 , Roger Federer , 1.02 , 78809.13 ,  1.01 , 106727.46 , 1.03 , 41486.26 ,  1.04 , 36092.85 ,  1.05 , 9787.64 , 1.02 , 6 , 5 , 0 , 0
1322420037768 , 5 , ACTIVE , 2444577 , Jo Wilfried Tsonga , 38.0 , 39.58 ,  36.0 , 95.35 ,  34.0 , 44.0 , 44.0 , 94.81 ,  48.0 , 2.0 ,  50.0 , 85.61 , 38.0 , 3 , 3 , 0 , 30
1322420037768 , 5 , ACTIVE , 2251402 , Roger Federer , 1.02 , 78809.13 ,  1.01 , 106727.46 , 1.03 , 41486.26 ,  1.04 , 36092.85 ,  1.05 , 9787.64 , 1.02 , 6 , 5 , 0 , 0
1322420038768 , 5 , ACTIVE , 2444577 , Jo Wilfried Tsonga , 38.0 , 39.58 ,  36.0 , 95.35 ,  34.0 , 44.0 , 44.0 , 94.81 ,  48.0 , 2.0 ,  50.0 , 85.61 , 38.0 , 3 , 3 , 0 , 30
1322420038768 , 5 , ACTIVE , 2251402 , Roger Federer , 1.02 , 78809.13 ,  1.01 , 106727.46 , 1.03 , 41486.26 ,  1.04 , 36092.85 ,  1.05 , 9787.64 , 1.02 , 6 , 5 , 0 , 15
1322420039769 , 5 , ACTIVE , 2444577 , Jo Wilfried Tsonga , 38.0 , 39.58 ,  36.0 , 95.35 ,  34.0 , 44.0 , 44.0 , 94.81 ,  48.0 , 2.0 ,  50.0 , 85.61 , 38.0 , 3 , 3 , 0 , 30
1322420039769 , 5 , ACTIVE , 2251402 , Roger Federer , 1.02 , 78809.13 ,  1.01 , 106727.46 , 1.03 , 41486.26 ,  1.04 , 36092.85 ,  1.05 , 9787.64 , 1.02 , 6 , 5 , 0 , 15
1322420040769 , 5 , ACTIVE , 2444577 , Jo Wilfried Tsonga , 38.0 , 39.58 ,  36.0 , 95.35 ,  34.0 , 44.0 , 44.0 , 94.81 ,  48.0 , 2.0 ,  50.0 , 85.61 , 38.0 , 3 , 3 , 0 , 30
1322420040769 , 5 , ACTIVE , 2251402 , Roger Federer , 1.02 , 78809.13 ,  1.01 , 106727.46 , 1.03 , 41486.26 ,  1.04 , 36092.85 ,  1.05 , 9787.64 , 1.02 , 6 , 5 , 0 , 15
1322420041770 , 5 , ACTIVE , 2444577 , Jo Wilfried Tsonga , 38.0 , 39.58 ,  36.0 , 95.35 ,  34.0 , 44.0 , 44.0 , 94.81 ,  48.0 , 2.0 ,  50.0 , 85.61 , 38.0 , 3 , 3 , 0 , 30
1322420041770 , 5 , ACTIVE , 2251402 , Roger Federer , 1.02 , 78809.13 ,  1.01 , 106727.46 , 1.03 , 41486.26 ,  1.04 , 36092.85 ,  1.05 , 9787.64 , 1.02 , 6 , 5 , 0 , 15
1322420042770 , 5 , ACTIVE , 2444577 , Jo Wilfried Tsonga , 38.0 , 39.58 ,  36.0 , 95.35 ,  34.0 , 44.0 , 44.0 , 94.81 ,  48.0 , 2.0 ,  50.0 , 85.61 , 38.0 , 3 , 3 , 0 , 30
1322420042771 , 5 , ACTIVE , 2251402 , Roger Federer , 1.02 , 78809.13 ,  1.01 , 106727.46 , 1.03 , 41486.26 ,  1.04 , 36092.85 ,  1.05 , 9787.64 , 1.02 , 6 , 5 , 0 , 15
1322420043771 , 5 , ACTIVE , 2444577 , Jo Wilfried Tsonga , 38.0 , 39.58 ,  36.0 , 95.35 ,  34.0 , 44.0 , 44.0 , 94.81 ,  48.0 , 2.0 ,  50.0 , 85.61 , 38.0 , 3 , 3 , 0 , 30
1322420043771 , 5 , ACTIVE , 2251402 , Roger Federer , 1.02 , 78809.13 ,  1.01 , 106727.46 , 1.03 , 41486.26 ,  1.04 , 36092.85 ,  1.05 , 9787.64 , 1.02 , 6 , 5 , 0 , 15
1322420044786 , 5 , ACTIVE , 2444577 , Jo Wilfried Tsonga , 38.0 , 39.58 ,  36.0 , 95.35 ,  34.0 , 44.0 , 44.0 , 94.81 ,  48.0 , 2.0 ,  50.0 , 85.61 , 38.0 , 3 , 3 , 0 , 30
1322420044786 , 5 , ACTIVE , 2251402 , Roger Federer , 1.02 , 78809.13 ,  1.01 , 106727.46 , 1.03 , 41486.26 ,  1.04 , 36092.85 ,  1.05 , 9787.64 , 1.02 , 6 , 5 , 0 , 15
1322420045786 , 5 , ACTIVE , 2444577 , Jo Wilfried Tsonga , 38.0 , 39.58 ,  36.0 , 95.35 ,  34.0 , 44.0 , 44.0 , 94.81 ,  48.0 , 2.0 ,  50.0 , 85.61 , 38.0 , 3 , 3 , 0 , 30
1322420045787 , 5 , ACTIVE , 2251402 , Roger Federer , 1.02 , 78809.13 ,  1.01 , 106727.46 , 1.03 , 41486.26 ,  1.04 , 36092.85 ,  1.05 , 9787.64 , 1.02 , 6 , 5 , 0 , 15
1322420046787 , 5 , ACTIVE , 2444577 , Jo Wilfried Tsonga , 38.0 , 39.58 ,  36.0 , 95.35 ,  34.0 , 44.0 , 44.0 , 94.81 ,  48.0 , 2.0 ,  50.0 , 85.61 , 38.0 , 3 , 3 , 0 , 30
1322420046787 , 5 , ACTIVE , 2251402 , Roger Federer , 1.02 , 78809.13 ,  1.01 , 106727.46 , 1.03 , 41486.26 ,  1.04 , 36092.85 ,  1.05 , 9787.64 , 1.02 , 6 , 5 , 0 , 15
1322420047787 , 5 , ACTIVE , 2444577 , Jo Wilfried Tsonga , 38.0 , 39.58 ,  36.0 , 95.35 ,  34.0 , 44.0 , 44.0 , 94.81 ,  48.0 , 2.0 ,  50.0 , 85.61 , 38.0 , 3 , 3 , 0 , 30
1322420047788 , 5 , ACTIVE , 2251402 , Roger Federer , 1.02 , 78809.13 ,  1.01 , 106727.46 , 1.03 , 41486.26 ,  1.04 , 36092.85 ,  1.05 , 9787.64 , 1.02 , 6 , 5 , 0 , 15
1322420048788 , 5 , ACTIVE , 2444577 , Jo Wilfried Tsonga , 40.0 , 18.29 ,  38.0 , 8.44 ,  36.0 , 83.04 , 42.0 , 37.76 ,  55.0 , 171.23 ,  80.0 , 102.0 , 40.0 , 3 , 3 , 0 , 30
1322420048788 , 5 , ACTIVE , 2251402 , Roger Federer , 1.02 , 106543.46 ,  1.01 , 106662.79 , 1.03 , 43852.56 ,  1.04 , 36768.88 ,  1.05 , 9862.75 , 1.03 , 6 , 5 , 0 , 15
1322420049789 , 5 , ACTIVE , 2444577 , Jo Wilfried Tsonga , 40.0 , 18.29 ,  38.0 , 8.44 ,  36.0 , 83.04 , 42.0 , 37.76 ,  55.0 , 171.23 ,  80.0 , 102.0 , 40.0 , 3 , 3 , 0 , 30
1322420049789 , 5 , ACTIVE , 2251402 , Roger Federer , 1.02 , 106543.46 ,  1.01 , 106662.79 , 1.03 , 43852.56 ,  1.04 , 36768.88 ,  1.05 , 9862.75 , 1.03 , 6 , 5 , 0 , 15
1322420050789 , 5 , ACTIVE , 2444577 , Jo Wilfried Tsonga , 40.0 , 36.29 ,  38.0 , 13.57 ,  36.0 , 65.92 , 42.0 , 37.76 ,  55.0 , 171.23 ,  80.0 , 102.0 , 40.0 , 3 , 3 , 0 , 30
1322420050789 , 5 , ACTIVE , 2251402 , Roger Federer , 1.02 , 106534.46 ,  1.01 , 106662.79 , 1.03 , 43731.36 ,  1.04 , 36768.88 ,  1.05 , 9862.75 , 1.02 , 6 , 5 , 0 , 15
1322420051790 , 5 , ACTIVE , 2444577 , Jo Wilfried Tsonga , 40.0 , 36.29 ,  38.0 , 13.57 ,  36.0 , 65.92 , 42.0 , 37.76 ,  55.0 , 171.23 ,  80.0 , 102.0 , 40.0 , 3 , 3 , 0 , 30
1322420051790 , 5 , ACTIVE , 2251402 , Roger Federer , 1.02 , 106534.46 ,  1.01 , 106662.79 , 1.03 , 43731.36 ,  1.04 , 36768.88 ,  1.05 , 9862.75 , 1.02 , 6 , 5 , 0 , 15
1322420052790 , 5 , ACTIVE , 2444577 , Jo Wilfried Tsonga , 40.0 , 21.58 ,  38.0 , 13.57 ,  36.0 , 65.92 , 42.0 , 107.76 ,  55.0 , 171.23 ,  80.0 , 102.0 , 40.0 , 3 , 3 , 0 , 30
1322420052790 , 5 , ACTIVE , 2251402 , Roger Federer , 1.02 , 106499.09 ,  1.01 , 106662.79 , 1.03 , 43721.36 ,  1.04 , 36772.88 ,  1.05 , 9862.75 , 1.02 , 6 , 5 , 0 , 15
1322420053791 , 5 , ACTIVE , 2444577 , Jo Wilfried Tsonga , 40.0 , 21.58 ,  38.0 , 13.57 ,  36.0 , 65.92 , 42.0 , 107.76 ,  55.0 , 171.23 ,  80.0 , 102.0 , 40.0 , 3 , 3 , 0 , 30
1322420053791 , 5 , ACTIVE , 2251402 , Roger Federer , 1.02 , 106499.09 ,  1.01 , 106662.79 , 1.03 , 43721.36 ,  1.04 , 36772.88 ,  1.05 , 9862.75 , 1.02 , 6 , 5 , 0 , 15
1322420054791 , 5 , ACTIVE , 2444577 , Jo Wilfried Tsonga , 40.0 , 21.58 ,  38.0 , 13.57 ,  36.0 , 65.92 , 42.0 , 107.76 ,  55.0 , 171.23 ,  80.0 , 102.0 , 40.0 , 3 , 3 , 0 , 30
1322420054792 , 5 , ACTIVE , 2251402 , Roger Federer , 1.02 , 106499.09 ,  1.01 , 106662.79 , 1.03 , 43721.36 ,  1.04 , 36772.88 ,  1.05 , 9862.75 , 1.02 , 6 , 5 , 0 , 15
1322420055792 , 5 , ACTIVE , 2444577 , Jo Wilfried Tsonga , 38.0 , 13.57 ,  36.0 , 65.92 ,  34.0 , 44.0 , 42.0 , 107.76 ,  55.0 , 171.23 ,  80.0 , 102.0 , 40.0 , 3 , 3 , 0 , 30
1322420055792 , 5 , ACTIVE , 2251402 , Roger Federer , 1.02 , 106493.09 ,  1.01 , 106662.79 , 1.03 , 43550.13 ,  1.04 , 36772.88 ,  1.05 , 9862.75 , 1.02 , 6 , 5 , 0 , 15
1322420056792 , 5 , ACTIVE , 2444577 , Jo Wilfried Tsonga , 38.0 , 13.57 ,  36.0 , 65.92 ,  34.0 , 44.0 , 42.0 , 107.76 ,  55.0 , 171.23 ,  80.0 , 102.0 , 40.0 , 3 , 3 , 0 , 30
1322420056793 , 5 , ACTIVE , 2251402 , Roger Federer , 1.02 , 106493.09 ,  1.01 , 106662.79 , 1.03 , 43550.13 ,  1.04 , 36772.88 ,  1.05 , 9862.75 , 1.02 , 6 , 5 , 0 , 15
1322420057891 , 5 , ACTIVE , 2444577 , Jo Wilfried Tsonga , 38.0 , 9.17 ,  36.0 , 65.92 ,  34.0 , 89.46 , 40.0 , 30.92 ,  42.0 , 107.76 ,  55.0 , 171.23 , 38.0 , 3 , 3 , 0 , 30
1322420057891 , 5 , ACTIVE , 2251402 , Roger Federer , 1.02 , 106493.09 ,  1.01 , 106662.79 , 1.03 , 41737.79 ,  1.04 , 36636.44 ,  1.05 , 9862.75 , 1.03 , 6 , 5 , 0 , 15
1322420058891 , 5 , ACTIVE , 2444577 , Jo Wilfried Tsonga , 38.0 , 9.17 ,  36.0 , 65.92 ,  34.0 , 89.46 , 40.0 , 30.92 ,  42.0 , 107.76 ,  55.0 , 171.23 , 38.0 , 3 , 3 , 0 , 40
1322420058891 , 5 , ACTIVE , 2251402 , Roger Federer , 1.02 , 106493.09 ,  1.01 , 106662.79 , 1.03 , 41737.79 ,  1.04 , 36636.44 ,  1.05 , 9862.75 , 1.03 , 6 , 5 , 0 , 15
1322420059892 , 5 , ACTIVE , 2444577 , Jo Wilfried Tsonga , 38.0 , 9.17 ,  36.0 , 65.92 ,  34.0 , 89.46 , 40.0 , 30.92 ,  42.0 , 107.76 ,  55.0 , 171.23 , 38.0 , 3 , 3 , 0 , 40
1322420059892 , 5 , ACTIVE , 2251402 , Roger Federer , 1.02 , 106493.09 ,  1.01 , 106662.79 , 1.03 , 41737.79 ,  1.04 , 36636.44 ,  1.05 , 9862.75 , 1.03 , 6 , 5 , 0 , 15
1322420060892 , 5 , ACTIVE , 2444577 , Jo Wilfried Tsonga , 38.0 , 9.17 ,  36.0 , 65.92 ,  34.0 , 89.46 , 40.0 , 30.92 ,  42.0 , 107.76 ,  55.0 , 171.23 , 38.0 , 3 , 3 , 0 , 40
1322420060893 , 5 , ACTIVE , 2251402 , Roger Federer , 1.02 , 106493.09 ,  1.01 , 106662.79 , 1.03 , 41737.79 ,  1.04 , 36636.44 ,  1.05 , 9862.75 , 1.03 , 6 , 5 , 0 , 15
1322420061893 , 5 , ACTIVE , 2444577 , Jo Wilfried Tsonga , 38.0 , 9.17 ,  36.0 , 65.92 ,  34.0 , 89.46 , 40.0 , 30.92 ,  42.0 , 107.76 ,  55.0 , 171.23 , 38.0 , 3 , 3 , 0 , 40
1322420061893 , 5 , ACTIVE , 2251402 , Roger Federer , 1.02 , 106493.09 ,  1.01 , 106662.79 , 1.03 , 41737.79 ,  1.04 , 36636.44 ,  1.05 , 9862.75 , 1.03 , 6 , 5 , 0 , 15
1322420062893 , 5 , ACTIVE , 2444577 , Jo Wilfried Tsonga , 38.0 , 9.17 ,  36.0 , 65.92 ,  34.0 , 89.46 , 40.0 , 30.92 ,  42.0 , 107.76 ,  55.0 , 171.23 , 38.0 , 3 , 3 , 0 , 40
1322420062894 , 5 , ACTIVE , 2251402 , Roger Federer , 1.02 , 106493.09 ,  1.01 , 106662.79 , 1.03 , 41737.79 ,  1.04 , 36636.44 ,  1.05 , 9862.75 , 1.03 , 6 , 5 , 0 , 15
1322420063894 , 5 , ACTIVE , 2444577 , Jo Wilfried Tsonga , 38.0 , 9.17 ,  36.0 , 65.92 ,  34.0 , 89.46 , 40.0 , 30.92 ,  42.0 , 107.76 ,  55.0 , 171.23 , 38.0 , 3 , 3 , 0 , 40
1322420063894 , 5 , ACTIVE , 2251402 , Roger Federer , 1.02 , 106493.09 ,  1.01 , 106662.79 , 1.03 , 41737.79 ,  1.04 , 36636.44 ,  1.05 , 9862.75 , 1.03 , 6 , 5 , 0 , 15
1322420064894 , 5 , ACTIVE , 2444577 , Jo Wilfried Tsonga , 38.0 , 9.17 ,  36.0 , 65.92 ,  34.0 , 89.46 , 40.0 , 30.92 ,  42.0 , 107.76 ,  55.0 , 171.23 , 38.0 , 3 , 3 , 0 , 40
1322420064895 , 5 , ACTIVE , 2251402 , Roger Federer , 1.02 , 106493.09 ,  1.01 , 106662.79 , 1.03 , 41737.79 ,  1.04 , 36636.44 ,  1.05 , 9862.75 , 1.03 , 6 , 5 , 0 , 15
1322420065895 , 5 , ACTIVE , 2444577 , Jo Wilfried Tsonga , 38.0 , 9.17 ,  36.0 , 65.92 ,  34.0 , 89.46 , 40.0 , 30.92 ,  42.0 , 107.76 ,  55.0 , 171.23 , 38.0 , 3 , 3 , 0 , 40
1322420065895 , 5 , ACTIVE , 2251402 , Roger Federer , 1.02 , 106493.09 ,  1.01 , 106662.79 , 1.03 , 41737.79 ,  1.04 , 36636.44 ,  1.05 , 9862.75 , 1.03 , 6 , 5 , 0 , 15
1322420066895 , 5 , ACTIVE , 2444577 , Jo Wilfried Tsonga , 38.0 , 9.17 ,  36.0 , 65.92 ,  34.0 , 89.46 , 40.0 , 30.92 ,  42.0 , 107.76 ,  55.0 , 171.23 , 38.0 , 3 , 3 , 0 , 40
1322420066896 , 5 , ACTIVE , 2251402 , Roger Federer , 1.02 , 106493.09 ,  1.01 , 106662.79 , 1.03 , 41737.79 ,  1.04 , 36636.44 ,  1.05 , 9862.75 , 1.03 , 6 , 5 , 0 , 15
1322420067896 , 5 , ACTIVE , 2444577 , Jo Wilfried Tsonga , 38.0 , 9.17 ,  36.0 , 65.92 ,  34.0 , 89.46 , 40.0 , 30.92 ,  42.0 , 107.76 ,  55.0 , 171.23 , 38.0 , 3 , 3 , 0 , 40
1322420067896 , 5 , ACTIVE , 2251402 , Roger Federer , 1.02 , 106493.09 ,  1.01 , 106662.79 , 1.03 , 41737.79 ,  1.04 , 36636.44 ,  1.05 , 9862.75 , 1.03 , 6 , 5 , 0 , 15
1322420068896 , 5 , ACTIVE , 2444577 , Jo Wilfried Tsonga , 38.0 , 9.17 ,  36.0 , 65.92 ,  34.0 , 89.46 , 40.0 , 30.92 ,  42.0 , 107.76 ,  55.0 , 171.23 , 38.0 , 3 , 3 , 0 , 40
1322420068897 , 5 , ACTIVE , 2251402 , Roger Federer , 1.02 , 106493.09 ,  1.01 , 106662.79 , 1.03 , 41737.79 ,  1.04 , 36636.44 ,  1.05 , 9862.75 , 1.03 , 6 , 5 , 0 , 15
1322420069897 , 5 , ACTIVE , 2444577 , Jo Wilfried Tsonga , 38.0 , 9.17 ,  36.0 , 65.92 ,  34.0 , 89.46 , 40.0 , 30.92 ,  42.0 , 107.76 ,  55.0 , 171.23 , 38.0 , 3 , 3 , 0 , 40
1322420069897 , 5 , ACTIVE , 2251402 , Roger Federer , 1.02 , 106493.09 ,  1.01 , 106662.79 , 1.03 , 41737.79 ,  1.04 , 36636.44 ,  1.05 , 9862.75 , 1.03 , 6 , 5 , 0 , 15
1322420070897 , 5 , ACTIVE , 2444577 , Jo Wilfried Tsonga , 38.0 , 9.17 ,  36.0 , 65.92 ,  34.0 , 89.46 , 40.0 , 30.92 ,  42.0 , 107.76 ,  55.0 , 171.23 , 38.0 , 3 , 3 , 0 , 40
1322420070898 , 5 , ACTIVE , 2251402 , Roger Federer , 1.02 , 106493.09 ,  1.01 , 106662.79 , 1.03 , 41737.79 ,  1.04 , 36636.44 ,  1.05 , 9862.75 , 1.03 , 6 , 5 , 0 , 15
1322420071898 , 5 , ACTIVE , 2444577 , Jo Wilfried Tsonga , 38.0 , 9.17 ,  36.0 , 65.92 ,  34.0 , 89.46 , 40.0 , 30.92 ,  42.0 , 107.76 ,  55.0 , 171.23 , 38.0 , 3 , 3 , 0 , 40
1322420071898 , 5 , ACTIVE , 2251402 , Roger Federer , 1.02 , 106493.09 ,  1.01 , 106662.79 , 1.03 , 41737.79 ,  1.04 , 36636.44 ,  1.05 , 9862.75 , 1.03 , 6 , 5 , 0 , 15
1322420072899 , 5 , ACTIVE , 2444577 , Jo Wilfried Tsonga , 38.0 , 9.17 ,  36.0 , 65.92 ,  34.0 , 89.46 , 40.0 , 30.92 ,  42.0 , 107.76 ,  55.0 , 171.23 , 38.0 , 3 , 3 , 0 , 40
1322420072899 , 5 , ACTIVE , 2251402 , Roger Federer , 1.02 , 106493.09 ,  1.01 , 106662.79 , 1.03 , 41737.79 ,  1.04 , 36636.44 ,  1.05 , 9862.75 , 1.03 , 6 , 5 , 0 , 15
1322420073899 , 5 , ACTIVE , 2444577 , Jo Wilfried Tsonga , 38.0 , 9.17 ,  36.0 , 65.92 ,  34.0 , 89.46 , 40.0 , 30.92 ,  42.0 , 107.76 ,  55.0 , 171.23 , 38.0 , 3 , 3 , 0 , 40
1322420073899 , 5 , ACTIVE , 2251402 , Roger Federer , 1.02 , 106493.09 ,  1.01 , 106662.79 , 1.03 , 41737.79 ,  1.04 , 36636.44 ,  1.05 , 9862.75 , 1.03 , 6 , 5 , 0 , 15
1322420074900 , 5 , ACTIVE , 2444577 , Jo Wilfried Tsonga , 38.0 , 9.17 ,  36.0 , 65.92 ,  34.0 , 89.46 , 40.0 , 30.92 ,  42.0 , 107.76 ,  55.0 , 171.23 , 38.0 , 3 , 3 , 0 , 40
1322420074900 , 5 , ACTIVE , 2251402 , Roger Federer , 1.02 , 106493.09 ,  1.01 , 106662.79 , 1.03 , 41737.79 ,  1.04 , 36636.44 ,  1.05 , 9862.75 , 1.03 , 6 , 5 , 0 , 15
1322420075900 , 5 , ACTIVE , 2444577 , Jo Wilfried Tsonga , 38.0 , 9.17 ,  36.0 , 65.92 ,  34.0 , 89.46 , 40.0 , 30.92 ,  42.0 , 107.76 ,  55.0 , 171.23 , 38.0 , 3 , 3 , 0 , 40
1322420075900 , 5 , ACTIVE , 2251402 , Roger Federer , 1.02 , 106493.09 ,  1.01 , 106662.79 , 1.03 , 41737.79 ,  1.04 , 36636.44 ,  1.05 , 9862.75 , 1.03 , 6 , 5 , 0 , 15
1322420076901 , 5 , ACTIVE , 2444577 , Jo Wilfried Tsonga , 38.0 , 9.17 ,  36.0 , 65.92 ,  34.0 , 89.46 , 40.0 , 30.92 ,  42.0 , 107.76 ,  55.0 , 171.23 , 38.0 , 3 , 3 , 0 , 40
1322420076901 , 5 , ACTIVE , 2251402 , Roger Federer , 1.02 , 106493.09 ,  1.01 , 106662.79 , 1.03 , 41737.79 ,  1.04 , 36636.44 ,  1.05 , 9862.75 , 1.03 , 6 , 5 , 0 , 15
1322420077901 , 5 , ACTIVE , 2444577 , Jo Wilfried Tsonga , 38.0 , 9.17 ,  36.0 , 65.92 ,  34.0 , 89.46 , 40.0 , 30.92 ,  42.0 , 107.76 ,  55.0 , 171.23 , 38.0 , 3 , 3 , 0 , 40
1322420077901 , 5 , ACTIVE , 2251402 , Roger Federer , 1.02 , 106493.09 ,  1.01 , 106662.79 , 1.03 , 41737.79 ,  1.04 , 36636.44 ,  1.05 , 9862.75 , 1.03 , 6 , 5 , 0 , 15
1322420078902 , 5 , ACTIVE , 2444577 , Jo Wilfried Tsonga , 38.0 , 9.17 ,  36.0 , 65.92 ,  34.0 , 89.46 , 40.0 , 30.92 ,  42.0 , 107.76 ,  55.0 , 171.23 , 38.0 , 3 , 3 , 0 , 40
1322420078902 , 5 , ACTIVE , 2251402 , Roger Federer , 1.02 , 106493.09 ,  1.01 , 106662.79 , 1.03 , 41737.79 ,  1.04 , 36636.44 ,  1.05 , 9862.75 , 1.03 , 6 , 5 , 0 , 15
1322420079902 , 5 , ACTIVE , 2444577 , Jo Wilfried Tsonga , 38.0 , 9.17 ,  36.0 , 65.92 ,  34.0 , 89.46 , 40.0 , 30.92 ,  42.0 , 107.76 ,  55.0 , 171.23 , 38.0 , 3 , 3 , 0 , 40
1322420079902 , 5 , ACTIVE , 2251402 , Roger Federer , 1.02 , 106493.09 ,  1.01 , 106662.79 , 1.03 , 41737.79 ,  1.04 , 36636.44 ,  1.05 , 9862.75 , 1.03 , 6 , 5 , 0 , 15
1322420080903 , 5 , ACTIVE , 2444577 , Jo Wilfried Tsonga , 38.0 , 9.17 ,  36.0 , 65.92 ,  34.0 , 89.46 , 40.0 , 30.92 ,  42.0 , 107.76 ,  55.0 , 171.23 , 38.0 , 3 , 3 , 0 , 40
1322420080903 , 5 , ACTIVE , 2251402 , Roger Federer , 1.02 , 106493.09 ,  1.01 , 106662.79 , 1.03 , 41737.79 ,  1.04 , 36636.44 ,  1.05 , 9862.75 , 1.03 , 6 , 5 , 0 , 15
1322420081903 , 5 , ACTIVE , 2444577 , Jo Wilfried Tsonga , 38.0 , 9.17 ,  36.0 , 65.92 ,  34.0 , 89.46 , 40.0 , 30.92 ,  42.0 , 107.76 ,  55.0 , 171.23 , 38.0 , 3 , 3 , 0 , 40
1322420081904 , 5 , ACTIVE , 2251402 , Roger Federer , 1.02 , 106493.09 ,  1.01 , 106662.79 , 1.03 , 41737.79 ,  1.04 , 36636.44 ,  1.05 , 9862.75 , 1.03 , 6 , 5 , 0 , 15
1322420082904 , 5 , ACTIVE , 2444577 , Jo Wilfried Tsonga , 38.0 , 9.17 ,  36.0 , 65.92 ,  34.0 , 89.46 , 40.0 , 30.92 ,  42.0 , 107.76 ,  55.0 , 171.23 , 38.0 , 3 , 3 , 0 , 40
1322420082904 , 5 , ACTIVE , 2251402 , Roger Federer , 1.02 , 106493.09 ,  1.01 , 106662.79 , 1.03 , 41737.79 ,  1.04 , 36636.44 ,  1.05 , 9862.75 , 1.03 , 6 , 5 , 0 , 15
1322420083904 , 5 , ACTIVE , 2444577 , Jo Wilfried Tsonga , 38.0 , 9.17 ,  36.0 , 65.92 ,  34.0 , 89.46 , 40.0 , 30.92 ,  42.0 , 107.76 ,  55.0 , 171.23 , 38.0 , 3 , 3 , 0 , 40
1322420083905 , 5 , ACTIVE , 2251402 , Roger Federer , 1.02 , 106493.09 ,  1.01 , 106662.79 , 1.03 , 41737.79 ,  1.04 , 36636.44 ,  1.05 , 9862.75 , 1.03 , 6 , 5 , 0 , 15
1322420084905 , 5 , ACTIVE , 2444577 , Jo Wilfried Tsonga , 38.0 , 9.17 ,  36.0 , 65.92 ,  34.0 , 89.46 , 40.0 , 30.92 ,  42.0 , 107.76 ,  55.0 , 171.23 , 38.0 , 3 , 3 , 0 , 40
1322420084905 , 5 , ACTIVE , 2251402 , Roger Federer , 1.02 , 106493.09 ,  1.01 , 106662.79 , 1.03 , 41737.79 ,  1.04 , 36636.44 ,  1.05 , 9862.75 , 1.03 , 6 , 5 , 0 , 15
1322420085906 , 5 , ACTIVE , 2444577 , Jo Wilfried Tsonga , 38.0 , 9.17 ,  36.0 , 65.92 ,  34.0 , 89.46 , 40.0 , 30.92 ,  42.0 , 107.76 ,  55.0 , 171.23 , 38.0 , 3 , 4 , 0 , 0
1322420085906 , 5 , ACTIVE , 2251402 , Roger Federer , 1.02 , 106493.09 ,  1.01 , 106662.79 , 1.03 , 41737.79 ,  1.04 , 36636.44 ,  1.05 , 9862.75 , 1.03 , 6 , 5 , 0 , 0
1322420086906 , 5 , ACTIVE , 2444577 , Jo Wilfried Tsonga , 38.0 , 9.17 ,  36.0 , 65.92 ,  34.0 , 89.46 , 40.0 , 30.92 ,  42.0 , 107.76 ,  55.0 , 171.23 , 38.0 , 3 , 4 , 0 , 0
1322420086906 , 5 , ACTIVE , 2251402 , Roger Federer , 1.02 , 106493.09 ,  1.01 , 106662.79 , 1.03 , 41737.79 ,  1.04 , 36636.44 ,  1.05 , 9862.75 , 1.03 , 6 , 5 , 0 , 0
1322420087907 , 5 , ACTIVE , 2444577 , Jo Wilfried Tsonga , 38.0 , 9.17 ,  36.0 , 65.92 ,  34.0 , 89.46 , 40.0 , 30.92 ,  42.0 , 107.76 ,  55.0 , 171.23 , 38.0 , 3 , 4 , 0 , 0
1322420087907 , 5 , ACTIVE , 2251402 , Roger Federer , 1.02 , 106493.09 ,  1.01 , 106662.79 , 1.03 , 41737.79 ,  1.04 , 36636.44 ,  1.05 , 9862.75 , 1.03 , 6 , 5 , 0 , 0
1322420088907 , 5 , ACTIVE , 2444577 , Jo Wilfried Tsonga , 38.0 , 9.17 ,  36.0 , 65.92 ,  34.0 , 89.46 , 40.0 , 30.92 ,  42.0 , 107.76 ,  55.0 , 171.23 , 38.0 , 3 , 4 , 0 , 0
1322420088907 , 5 , ACTIVE , 2251402 , Roger Federer , 1.02 , 106493.09 ,  1.01 , 106662.79 , 1.03 , 41737.79 ,  1.04 , 36636.44 ,  1.05 , 9862.75 , 1.03 , 6 , 5 , 0 , 0
1322420089908 , 5 , ACTIVE , 2444577 , Jo Wilfried Tsonga , 38.0 , 9.17 ,  36.0 , 65.92 ,  34.0 , 89.46 , 40.0 , 30.92 ,  42.0 , 107.76 ,  55.0 , 171.23 , 38.0 , 3 , 4 , 0 , 0
1322420089908 , 5 , ACTIVE , 2251402 , Roger Federer , 1.02 , 106493.09 ,  1.01 , 106662.79 , 1.03 , 41737.79 ,  1.04 , 36636.44 ,  1.05 , 9862.75 , 1.03 , 6 , 5 , 0 , 0
